3220 5212
568 534 799 592 PRAEFATIO.
1155 535 1243 592 XVII

123 744 194 787 sens
217 723 323 801 codcn,
353 719 413 783 leue
435 717 534 801 leqes',
565 717 812 783 Reccesscindns
841 738 961 799 semper
983 720 1114 783 eundem
1141 718 1243 801 lequm

123 809 331 876 collectionem
354 806 516 890 siqnificat
538 813 567 872 et
588 828 658 871 eam
681 805 814 888 quiden,
846 826 925 888 quae
953 806 1044 871 nobis
1071 807 1192 872 tradito
1214 814 1243 872 et

122 900 215 980 infra
238 897 324 963 edito
347 903 401 962 est.
447 896 504 960 Ad
525 915 595 960 eam
617 900 758 976 spectmt
780 895 875 960 verbo
897 895 951 972 ΙΙ,
972 901 999 976 1,
1014 901 1050 960 4;
1082 897 1175 981 leges
1205 899 1243 961 in

122 992 187 1053 hoe
219 988 310 1051 libro
339 986 564 1068 conscriptes,
595 986 640 1048 od
668 985 800 1048 eandem
830 983 898 1047 alio
928 984 1095 1065 11,1,s:
1127 990 1242 1069 preter

121 1079 216 1141 hune
238 1076 377 1153 librum,
403 1075 462 1158 qui
481 1095 592 1157 nuper
608 1076 660 1138 esi
676 1074 800 1151 editur,
824 1071 958 1153 itemque
981 1073 1154 1155 11,1,12:
1179 1078 1242 1140 has

122 1167 227 1251 leges
252 1170 282 1228 et
304 1164 340 1245 V,
366 1169 395 1244 4,
414 1168 473 1227 22:
497 1182 637 1246 presens
660 1161 748 1226 liber
771 1166 801 1225 et
822 1162 916 1225 hune
941 1163 1104 1227 codicem.

228 1253 391 1318 Dubitant
418 1249 483 1315 oiri
512 1249 603 1326 docti,
634 1249 713 1331 qnid
740 1249 802 1313 sibi
831 1249 928 1314 uelint
950 1250 1026 1315 leaeo
1048 1251 1143 1315 umba
1166 1251 1243 1334 leqis

123 1341 306 1424 ‘Qrooniam'
332 1337 401 1420 (II,
421 1345 449 1420 1,
467 1341 523 1423 4):
552 1339 646 1423 leges
676 1340 714 1401 in
744 1341 810 1402 hoc
840 1338 930 1403 libro
959 1341 1170 1424 conscriptes
1198 1343 1241 1406 ab

121 1453 212 1496 anno
249 1431 401 1496 secundo
436 1429 513 1493 dive
546 1429 709 1492 memorie
740 1427 871 1494 domini
906 1431 941 1492 ei
975 1430 1142 1512 genitoris
1174 1433 1242 1495 mei

121 1519 374 1585 Chindasvindi
397 1518 487 1602 regis
510 1518 547 1580 in
562 1517 697 1582 cunctis
713 1518 866 1599 personis
891 1537 931 1581 ec
947 1518 1109 1600 gentibus
1125 1523 1241 1584 nostre

120 1609 363 1694 amplitudinis
392 1607 536 1690 imperio
559 1606 753 1689 subiugatis
783 1607 877 1669 omni
904 1607 1026 1670 robore
1049 1607 1163 1672 valere
1188 1609 1241 1674 de·

121 1699 305 1763 cernimus.
352 1694 476 1760 Varios·
499 1693 781 1775 interpretationes,
812 1713 892 1775 qnae
915 1695 1032 1758 allatae
1058 1702 1141 1776 sunt,
1169 1718 1241 1761 cnu-

119 1807 244 1851 mcrare
267 1785 457 1866 perlonqnm
478 1788 533 1847 est.
580 1781 669 1846 Mili
697 1788 801 1846 autem
823 1783 912 1847 land
938 1782 1030 1848 dubie
1058 1787 1154 1849 cerba
1182 1783 1241 1848 illa

119 1876 165 1939 ita
199 1874 443 1955 interpretanda
471 1871 635 1936 uidentur:
666 1871 746 1953 leqes
780 1870 816 1934 in
850 1872 907 1936 looc
939 1871 1019 1936 libro
1049 1871 1242 1955 conscriptas

114 1963 304 2046 parimodo
327 1982 442 2042 omncs,
466 1965 495 2025 ct
517 1959 667 2040 antiquas
689 1965 718 2024 et
733 1959 842 2040 patris
865 1966 894 2024 et
916 1981 1001 2042 suas,
1025 1981 1083 2025 ren
1098 1962 1241 2026 omnibus

119 2052 266 2134 qentibns
291 2057 319 2116 et
334 2048 484 2132 personis
505 2046 597 2130 requi
617 2047 668 2112 sni
690 2048 794 2112 calere
821 2048 978 2129 decernit,·
1009 2047 1240 2132 ‘conscriptas'

121 2148 226 2206 antem
250 2139 327 2206 dicit
349 2159 404 2204 eos
426 2159 491 2202 esse
515 2136 571 2202 ‘ab
594 2158 701 2202 anno
726 2137 914 2202 secundo⁷
936 2137 1089 2220 qenitoris
1112 2139 1172 2202 sni.

227 2229 327 2293 Anno
350 2248 423 2308 erqo
438 2227 573 2291 secundo
593 2224 854 2291 Olcindasoindus
876 2245 933 2290 rea
948 2225 1134 2292 recisionem
1148 2228 1239 2310 forte,

122 2325 200 2384 certe
224 2317 351 2399 quidem
366 2314 574 2380 collectionem
593 2315 694 2396 leqnm
716 2312 881 2379 instituere
904 2314 1010 2396 coepit,
1035 2335 1130 2397 quom
1152 2316 1241 2396 filins

122 2406 369 2472 Reccessoindns
387 2409 611 2485 postmortem
627 2403 736 2485 patris
758 2403 912 2484 suppleuit
933 2410 962 2468 et
984 2404 1100 2483 finiuit.
1155 2405 1240 2470 Veri-

122 2496 224 2560 simile
259 2501 304 2559 est
336 2493 403 2557 iam
434 2491 710 2557 Olindosoindum
745 2491 860 2556 librum
894 2492 996 2574 tequm
1029 2492 1076 2556 ita
1110 2496 1241 2559 condere

121 2584 266 2664 coluisse,
290 2589 325 2648 ut
348 2580 492 2646 erunibus
504 2581 648 2662 qentilms
663 2579 754 2663 requi
769 2580 829 2661 sni,
854 2587 883 2645 et
902 2580 1015 2647 Getieis
1030 2587 1059 2646 et
1073 2581 1239 2664 Romanis,

124 2673 203 2755 leqes
234 2691 411 2737 communes
434 2672 619 2752 praeberet,
651 2675 730 2734 certe
760 2669 885 2750 quidem
914 2691 1001 2734 anno
1030 2671 1121 2735 tertio
1149 2672 1241 2753 reqni

123 2762 173 2826 sni
203 2759 455 2826 constitutionem
484 2761 522 2824 de
551 2758 725 2839 quantitate
755 2757 836 2822 dotis
865 2758 977 2840 edidit,
1008 2779 1088 2840 qnae
1117 2761 1162 2824 cd
1189 2761 1241 2824 ius

122 2851 305 2914 Romanum
321 2847 448 2930 pariter
471 2853 563 2928 atque
586 2849 630 2912 ad
654 2846 821 2912 Gothicum
843 2853 987 2928 spectans
1009 2847 1133 2928 utrique
1154 2848 1241 2930 qenti

123 2959 283 3004 commune
312 2937 364 3002 ius
386 2936 532 3000 statuisse
554 2935 709 3000 uidetur1.
756 2935 1003 3001 Reeceseoindus
1031 2942 1135 3000 autem
1164 2957 1241 3017 opus

123 3031 166 3093 ad
192 3025 420 3109 perfectionem
454 3025 557 3106 duait,
594 3024 709 3089 librum
743 3025 844 3106 leqnm
878 3024 1022 3089 omnibns
1054 3045 1150 3106 reqno
1184 3047 1240 3090 sno

124 3217 237 3267 qnorum
259 3203 381 3268 primum
407 3200 472 3264 leqes
495 3200 631 3265 antiquos,
656 3200 797 3250 secundnm
817 3200 884 3264 teqes
903 3199 1107 3266 Chindosm'ndi,
1133 3201 1241 3251 tertium

125 3273 190 3337 leqes
209 3271 389 3324 Reccessoindi
404 3272 582 3322 continuisset.
621 3271 734 3322 ‘Wdren
749 3271 818 3322 diosc
829 3270 1046 3336 Rechtsmassen’,
1064 3272 1128 3322 dicit
1139 3277 1240 3336 ander,

126 3345 167 3394 ‘in
186 3344 315 3395 einander
332 3358 368 3392 en
387 3343 470 3392 einem
488 3341 667 3393 einhetttichen
688 3342 798 3392 Goneen
816 3342 979 3408 enormiter,
1002 3357 1031 3393 so
1049 3346 1121 3394 nram
1139 3342 1181 3393 die
1198 3358 1241 3408 qe·

86 3434 94 3450 =
124 3419 226 3466 trennte
237 3413 419 3478 Anfedlelnnq
437 3414 485 3464 der
497 3413 631 3464 einzelnen
649 3412 771 3478 lediqtich
789 3413 875 3464 iterem
894 3412 1069 3464 historischen
1084 3413 1241 3480 Ursprnnqc

124 3486 193 3537 noch
217 3485 414 3536 verschiedenen
444 3484 535 3534 Theile
561 3483 780 3548 sollicitudinqs
806 3483 1009 3538 nnerktttrticlc'.
1052 3484 1172 3536 Prorsus
1198 3487 1241 3536 in·

124 3557 288 3622 explicabilis
306 3555 377 3606 mihi
394 3555 457 3606 haec
476 3556 565 3620 opinio
583 3555 695 3608 uidetur.
724 3554 781 3606 Cur
793 3557 862 3606 enim
880 3555 912 3606 de
929 3555 976 3606 hoc
988 3555 1056 3606 libro
1069 3555 1154 3620 mqnm
1165 3555 1242 3608 nodis

124 3629 224 3679 tradito
235 3627 439 3679 Reccessoindus
456 3641 507 3676 rea
525 3626 610 3677 dicere
627 3641 681 3677 non
700 3625 836 3690 debuisset,
854 3627 885 3677 in
902 3641 930 3678 eo
949 3627 1015 3692 lcqes
1032 3631 1056 3676 et
1074 3628 1201 3692 antiquas
1218 3633 1241 3678 et

123 3701 211 3765 petris
229 3705 253 3750 et
270 3714 336 3750 snas
350 3699 500 3749 contineri?
513 3699 674 3763 praesertim
692 3713 751 3748 cnm
769 3698 879 3762 sinqnlo
897 3713 1013 3765 quaeque
1030 3697 1087 3760 fere
1105 3698 1148 3748 len
1166 3700 1196 3748 in
1213 3714 1242 3750 eo

124 3772 253 3836 inscripta
265 3775 304 3822 est
322 3774 370 3819 ant
382 3767 521 3834 ‘Antiqua’
540 3774 589 3819 ant
609 3767 729 3819 ‘onnus
742 3768 960 3820 Chindcscindns
971 3768 1032 3820 rea'
1050 3773 1098 3818 ant
1118 3768 1241 3819 ‘Flauiam

124 3841 255 3906 qloriosns
273 3839 475 3892 Reocessoindns
499 3839 566 3893 ren',
604 3838 688 3890 Immo
712 3840 893 3890 Rcccessoindi
916 3839 1011 3890 verda:
1036 3837 1170 3905 prolatis
1194 3840 1243 3906 (oet

124 3910 264 3978 prelatis)
290 3917 315 3964 et
342 3909 492 3963 connexis
518 3910 593 3962 nullo
617 3911 693 3962 modo
717 3911 754 3960 ad
778 3911 856 3962 talem
881 3911 1002 3975 codicem,
1032 3909 1135 3975 qualem
1159 3910 1241 3962 ootntt

124 3982 158 4036 R.
178 3983 343 4046 Schnreltzer,
368 3983 398 4033 in
417 3995 468 4047 qno
487 3982 668 4034 Reccessoindi
684 3981 749 4047 leqes
768 3981 941 4033 ‘subnexae'
961 3982 1083 4046 fuessent,
1105 3982 1241 4046 pertinere

122 4056 275 4120 potuissent.
313 4052 367 4104 Hic
390 4068 453 4119 erqo
472 4053 544 4104 locus
567 4067 735 4118 nequaqnam
754 4053 927 4115 fundannum
944 4068 997 4104 esse
1018 4058 1103 4119 potest
1121 4053 1168 4116 iis,
1194 4054 1243 4119 qni

126 4126 279 4176 conandum
291 4123 506 4176 Reoccsscindnm
519 4129 579 4175 onte
592 4125 679 4189 leqnm
690 4123 800 4175 codicem
812 4123 888 4175 nobis
901 4124 1033 4175 traditum
1045 4125 1075 4174 in
1087 4122 1151 4174 XII
1159 4123 1242 4175 libros

125 4195 251 4259 diqestnm
276 4197 333 4246 iam
358 4196 443 4246 aliam
468 4194 580 4246 edidisse
604 4196 783 4261 tripartitum.
824 4194 897 4257 Quae
921 4201 1009 4246 eutem
1033 4210 1067 4246 en
1091 4194 1155 4246 aliis
1179 4194 1242 4246 locis

126 4267 271 4318 testimonia
289 4265 375 4318 allate
394 4271 465 4330 sant,
483 4266 519 4329 cf.
539 4266 675 4330 Brnnner,
695 4265 738 4319 (Ι).
753 4265 823 4318 BG!
843 4264 866 4331 I,
882 4282 912 4332 p.
926 4268 987 4332 329,
1007 4281 1033 4318 n.
1048 4269 1092 4319 37.
1104 4267 1148 4329 41,
1167 4272 1241 4318 tenta

125 4339 237 4402 qenninc
253 4338 335 4404 Leqis
353 4337 602 4388 Rcocessoindianae
620 4338 734 4402 inspecto
752 4336 865 4388 obtineri
881 4352 935 4388 non
949 4341 1072 4402 possunt.
1109 4337 1181 4387 Nam
1200 4337 1241 4388 lec

126 4407 246 4473 11,1,13
266 4412 312 4474 (=
332 4408 460 4461 Remesso.
477 4407 518 4474 II,
533 4409 617 4473 1,12)
635 4407 714 4459 rerba
731 4407 772 4458 idi
789 4424 822 4460 en
838 4408 950 4459 editione
968 4408 1137 4459 Wolteriena
1155 4407 1240 4458 allata

125 4493 181 4528 non
196 4479 316 4546 qraebd;
335 4478 404 4544 XII,
415 4481 471 4545 23
489 4484 577 4530 antem
592 4494 647 4530 non
662 4484 699 4529 est
711 4479 914 4544 chindasuindi,
934 4479 980 4530 sed
991 4477 1173 4530 Reccessoindr'
1190 4479 1201 4528 l
1233 4515 1239 4528 .

127 4550 153 4616 1)
172 4549 202 4601 V.
219 4551 253 4605 H.
272 4551 412 4618 Brunncr,
433 4550 476 4603 ‘D.
495 4549 565 4604 BG!
585 4549 608 4615 Ι,
622 4567 652 4616 p.
669 4551 729 4604 328.

204 4656 247 4699 LL.
256 4657 326 4706 vain,
340 4660 386 4698 ant.
996 4653 1028 4707 Π
