3218 5202
370 538 449 594 LEX
467 538 581 596 VISIG.
601 538 869 596 Rcconssvmo.
906 539 946 607 H,
965 544 990 609 3,
1010 544 1034 596 6.
1048 543 1072 596 7.
1243 544 1277 597 69

155 744 258 786 suum
281 724 457 807 proprium
476 724 654 806 negotium
678 724 714 787 in
738 724 865 788 iudicio
889 743 1078 807 proponere
1101 745 1172 788 non
1188 727 1276 789 vete

155 815 224 875 tur.
271 811 441 876 Maritus¹
471 832 553 876 sane
583 833 653 876 non
684 813 757 877 sine
787 813 990 877 mandatum
1018 833 1155 877 causam
1184 813 1277 877 dicat

155 901 281 977 uxoris,
313 904 375 964 aut
406 904 498 965 certe
526 904 607 965 ante
630 901 780 966 iudicem
804 921 839 964 se
862 901 926 964 tali
949 900 1082 984 obliget
1106 902 1275 979 cautione,

154 990 249 1072 quod
271 1009 358 1053 uxor
377 989 557 1072 negotium
581 990 654 1053 eius
676 1010 747 1053 non
769 989 933 1065 revolvat,
958 993 1012 1053 etc
1034 989 1063 1053 si
1081 989 1275 1067 revolverit,

155 1079 330 1154 damnum,
363 1078 455 1160 quod
478 1078 593 1142 cautio
617 1079 840 1155 demonstrat,
872 1078 1015 1142 maritus
1037 1079 1192 1163 recipiat,
1217 1079 1277 1160 qui

155 1167 229 1230 sine
254 1167 457 1230 mandatum
481 1161 640 1232 caussamd
667 1167 780 1232 dicere
803 1167 988 1251 presumsit
1011 1167 1135 1230 uxoris.
1176 1165 1277 1246 Quod

155 1255 184 1319 si
207 1256 351 1320 maritus
375 1275 523 1332 eausam,
548 1275 652 1338 quam
676 1256 749 1320 sine
772 1250 997 1319 mandatum‘¹
1020 1256 1194 1339 coniugis⁰
1216 1276 1276 1319 sue

155 1344 436 1427 prosequebatur,
467 1344 629 1419 amiserit,
657 1364 743 1407 uxor
765 1343 901 1406 nullum
925 1344 1151 1427 preiudicium
1174 1344 1275 1426 perti-

155 1435 301 1508 mescat;
334 1433 394 1496 sed
424 1436 485 1496 aut
513 1452 574 1516 per
597 1452 633 1496 se
655 1433 834 1516 negotium
862 1435 1098 1516 prosequatur,
1129 1436 1190 1496 aut
1220 1432 1276 1496 cui

155 1521 304 1586 voluerit
328 1541 377 1597 ea,
401 1540 468 1603 que
491 1521 558 1606 ipsi
576 1524 777 1604 conpetunt,
802 1521 1039 1605 prosequenda
1054 1521 1273 1598 conmendet;

153 1610 206 1672 ita
224 1613 274 1686 ut,
299 1610 337 1686 si,
362 1611 486 1674 marito
502 1629 563 1693 per
578 1603 765 1673 iudiciumf
784 1611 875 1674 iuste
898 1613 1068 1693 superato,
1093 1610 1206 1674 denuo
1231 1609 1276 1672 ad

155 1718 295 1762 causam
311 1698 492 1762 dicendam
509 1698 742 1762 adversarium
760 1698 869 1775 illum,
894 1699 953 1780 qui
977 1698 1086 1762 victor
1102 1698 1273 1774 extiterat,

153 1807 234 1871 pars
258 1786 411 1852 mulieris
432 1786 618 1851 crediderit
635 1787 902 1864 convexandum,
927 1787 1039 1869 adque
1062 1787 1121 1848 ing
1146 1786 1274 1850 iudicio

154 1875 306 1939 secundo
337 1876 489 1959 patuerit
519 1876 667 1939 eundem
697 1876 770 1940 eius
794 1867 977 1940 maritumh
1003 1895 1074 1939 non
1097 1867 1267 1939 indevitei

153 1964 286 2027 victum
322 1964 443 2040 fuisse,
482 1965 617 2028 noverit
651 1966 796 2028 eandem
830 1964 954 2028 mulier
988 1983 1058 2026 non
1092 1962 1204 2027 solum
1238 1983 1274 2027 so

152 2052 271 2128 iudici,
304 2053 363 2134 qui
393 2073 531 2116 causam
553 2053 647 2136 prius
671 2052 890 2129 examinabit,
922 2053 982 2116 sed
1006 2056 1067 2116 etg
1092 2051 1146 2114 illi
1170 2053 1274 2117 causi-

153 2142 242 2217 dioo,
274 2161 376 2223 quem
405 2141 558 2205 iteratim
589 2141 633 2205 ad
663 2141 830 2204 iudicium
860 2140 1031 2225 conpulit,
1061 2142 1159 2204 iuxta
1187 2139 1273 2223 legis

151 2229 364 2294 sententiam
388 2249 460 2294 esse
484 2224 775 2294 satisfacturamk.
1177 2249 1178 2254 ¹

557 2434 624 2492 vn
654 2434 864 2506 naricum.

151 2549 226 2624 Ut,
259 2549 376 2612 sicut
406 2547 589 2626 lucrum,
624 2549 688 2611 ita
718 2551 760 2612 et
790 2548 988 2612 damnum
1017 2550 1272 2612 revertatur

150 2637 204 2700 ad
230 2629 565 2713 mandatoremb;
598 2637 648 2700 de
678 2636 911 2700 commodis
942 2636 1074 2700 etiam
1103 2636 1271 2699 manda·

518 2729 607 2788 tum
630 2725 906 2809 accipientis.

262 2831 359 2895 Siout
389 2832 537 2909 luorum,
569 2832 620 2895 ita
649 2835 685 2895 et
715 2832 879 2895 damnum
909 2831 1006 2894 iuxta
1036 2830 1272 2894 condicionem

148 2920 311 2984 mandati
334 2921 379 2984 ad
400 2941 487 2996 eum,
513 2921 572 3002 qui
588 2940 726 2984 causam
742 2920 966 2995 mandaverit,
990 2922 1197 2994 revertatur;
1222 2919 1272 2981 ita

147 3010 277 3091 utqui
301 3029 439 3073 oausam
463 3028 504 3073 ex
527 3009 710 3073 mandato⁰
739 3008 864 3072 dixerit
893 3011 929 3072 et
956 3007 1114 3082 fideliter,
1145 3010 1186 3070 ut
1216 3026 1270 3070 ne-

148 3098 288 3180 gotium
310 3101 505 3181 peragatur,
531 3097 733 3173 instituerit‚
758 3096 801 3160 ab
825 3117 865 3161 eo
888 3096 1070 3160 mandator
1092 3115 1156 3159 nec
1180 3116 1270 3158 man·

148 3181 295 3250 datum(¹
322 3190 467 3269 repetat,
497 3206 562 3250 nec
592 3187 701 3270 ipsam
731 3189 850 3270 postea
880 3186 924 3248 ad
954 3184 1061 3248 alium
1083 3183 1271 3248 transferat

147 3275 340 3351 actionem;
372 3274 453 3356 quia
482 3275 649 3338 iniustum
681 3277 742 3349 est,
774 3277 815 3336 ut
844 3274 1035 3338 mercedem
1063 3273 1116 3336 sui
1144 3271 1270 3336 laboris

145 3364 302 3440 amittat,
326 3365 385 3445 qui
405 3383 466 3446 pro
483 3367 641 3446 suscepta
658 3382 760 3426 causa
777 3361 926 3427 fideliter
942 3361 1134 3425 laborasse⁰
1150 3381 1270 3444 cogno-

144 3451 274 3528 scitum
304 3453 354 3516 ita
377 3455 418 3514 ut
441 3452 505 3528 his,
530 3452 589 3533 qui
611 3451 789 3534 negotium
812 3443 1076 3535 prosecuturusf
1101 3453 1162 3525 est,
1187 3453 1270 3514 ante

145 3559 253 3605 cause
277 3541 486 3624 principium
509 3560 587 3603 cum
610 3541 813 3603 mandatore
837 3538 989 3613 definiat,
1017 3542 1185 3621 quantum
1208 3558 1269 3621 pro

145 3629 355 3692 comodumg
381 3629 435 3692 sui
458 3628 584 3694 laboris
608 3629 706 3691 finito
729 3620 928 3710 negotiumh
955 3626 998 3690 ab
1022 3646 1062 3690 eo
1086 3627 1131 3690 sit
1154 3645 1269 3710 aceep-

143 3722 258 3780 turus.
307 3715 407 3796 Quod
442 3718 470 3781 si
505 3709 697 3800 acceptam¹
734 3736 806 3779 rem
841 3719 1039 3800 prosecutor
1073 3714 1165 3777 infra
1198 3718 1269 3778 tres

145 3825 284 3870 menses
298 3807 444 3870 reddere
458 3805 646 3870 neclexerit
661 3805 864 3881 mandatori,
882 3802 1049 3886 quidquid
1065 3804 1108 3866 de
1124 3796 1266 3866 eademk

256 4015 277 4060 c)
292 4014 348 4052 etsi
363 4024 411 4054 rev.
425 4013 467 4054 dcc.
482 4014 528 4055 Rl.
589 4010 613 4059 d)
628 4023 717 4051 causum
732 4032 757 4040 -
772 4008 902 4050 mandatum
916 4012 959 4052 dec.
972 4011 1019 4052 121.
1078 4011 1099 4058 e)
1113 4009 1208 4058 coniuge
1222 4009 1268 4050 121.

145 4067 165 4113 1)
181 4063 266 4104 iudicio
281 4067 327 4108 121.
389 4067 411 4114 g)
425 4067 482 4104 deest
495 4067 542 4108 121.
604 4066 627 4113 h)
641 4065 722 4104 marito
735 4066 782 4106 Iti.
843 4064 860 4112 i)
873 4065 905 4102 ita
920 4065 970 4112 1213
992 4060 1094 4102 indeblte
1108 4063 1137 4104 ol.
1198 4062 1222 4110 k)
1235 4063 1268 4101 ito

145 4119 169 4157 E
175 4121 194 4160 1.
208 4119 288 4168 V2.3;
310 4119 479 4160 satisfacturum
493 4120 523 4161 az.
537 4130 566 4161 m.
580 4129 635 4160 corr.
649 4118 817 4158 satisfacturam
831 4117 910 4165 Μὴ
932 4117 1099 4156 satisfacturum
1113 4116 1161 4158 Et.

256 4172 307 4214 VII.
348 4172 371 4223 a)
384 4173 441 4210 deest
456 4173 476 4210 R
485 4173 504 4214 2.
571 4171 595 4219 b)
609 4170 740 4211 mandatore
754 4171 800 4212 121.
868 4173 889 4218 c)
905 4167 1035 4218 mandatum
1049 4169 1078 4211 al.
1092 4180 1120 4211 m.
1134 4179 1192 4212 corr.
1206 4178 1268 4206 man-

147 4222 202 4264 dato
217 4225 263 4268 121.
325 4223 349 4273 d)
363 4222 469 4265 mandato
484 4226 530 4267 121.
591 4226 612 4272 e)
626 4225 658 4262 ita
672 4225 723 4274 1313
745 4223 929 4263 elaborantem
944 4223 990 4264 olii.
1057 4223 1206 4270 osecuturur
1221 4222 1267 4263 121.

146 4280 170 4326 g)
185 4280 217 4316 tto
231 4279 284 4328 121,
299 4276 411 4327 quomodo
426 4279 476 4328 E13
492 4276 603 4317 commodi
619 4277 671 4328 1223
686 4274 801 4316 commodo
815 4277 837 4314 Ε
844 4277 856 4314 2
871 4277 917 4317 clii.
964 4275 989 4326 h)
1003 4276 1092 4324 negotio
1107 4276 1153 4318 121.
1202 4275 1218 4322 i)
1231 4284 1268 4313 ao-

147 4335 216 4380 cepta
229 4331 274 4373 ΕΙ.
330 4332 354 4379 k)
368 4329 463 4372 eandem
477 4332 526 4374 122.

150 4507 178 4573 1)
196 4508 288 4578 ofin.
307 4509 384 4562 amn.
403 4508 458 4562 Va,
477 4508 505 4560 c.
522 4507 571 4562 ra.
589 4507 630 4574 11,
650 4508 692 4573 m,
712 4509 738 4561 4.
