3198 5202
327 535 405 590 LEX
423 534 538 592 VISIG.
557 533 825 590 REOOESSVIND.
862 534 961 604 VIIII,
980 540 1097 604 2‚1-3.
1222 539 1275 592 269

154 721 320 797 mitteret,
352 719 444 803 quod
474 721 654 802 acceperat
683 717 719 780 in
749 717 979 801 novecuplum
1006 719 1130 782 reddat
1157 720 1275 784 comiti

155 809 316 886 civitatis,
340 809 377 870 in
394 807 491 871 cuius
515 809 567 870 est
589 806 764 870 territorio
788 806 1006 870 constitutus.
1053 807 1099 870 Fit
1122 809 1151 871 si
1174 809 1217 874 ab
1234 829 1274 872 eo

155 898 289 961 nullam
303 897 497 962 mercedem
513 895 694 978 acceperit,
719 895 779 958 sed
803 895 851 958 sic
875 914 963 972 eum,
988 896 1070 958 dum
1092 916 1194 960 sanus
1211 899 1273 973 est,

156 987 200 1050 ad
224 987 364 1049 domum
388 984 557 1048 dimiserit
579 983 635 1046 vel
658 983 700 1046 de
725 978 886 1046 domum<l
912 984 948 1046 in
971 985 1160 1048 exercitum
1183 986 1275 1048 exire

155 1095 225 1138 non
256 1072 463 1157 conpulerit,
494 1072 618 1136 reddat
648 1071 774 1136 solidos
797 1083 868 1148 XX3
900 1073 1275 1156 quinquagentenarius

155 1183 235 1228 vero
266 1173 331 1238 XV,
368 1164 404 1225 et
438 1160 654 1225 centenarius
684 1171 738 1237 Xy
769 1161 797 1222 si
835 1163 927 1224 certe
967 1161 1117 1225 decanus
1156 1162 1273 1238 fuerit,

155 1263 183 1318 V
203 1251 330 1315 solidos
353 1250 496 1314 reddere
521 1247 746 1331 conpellatur.
793 1248 839 1310 Et
861 1249 928 1332 ipsi
951 1249 1052 1313 solidi
1076 1250 1275 1314 dividantur

155 1341 191 1403 in
216 1343 372 1415 centena,
396 1338 458 1401 ubi
481 1337 614 1401 fuerint
636 1337 819 1400 numerati.

573 1524 612 1580 n.
643 1523 856 1594 ANTIQUAa.

157 1640 200 1704 si
224 1639 511 1723 conpulsores
535 1637 757 1701 exereitus
781 1637 967 1720 aliquid,
993 1639 1090 1701 dum
1113 1639 1274 1702 exerci-

154 1733 245 1792 tum
269 1729 320 1791 ad
342 1729 512 1792 hostem
537 1725 792 1809 conpellunt,
818 1727 867 1790 de
892 1727 1089 1790 domibus
1113 1721 1270 1791 eorumb

445 1814 621 1879 auferre
651 1814 981 1897 presumserint.

264 1922 360 1987 Servi
376 1921 549 1998 dominici,
565 1921 669 1984 idest
686 1919 906 2003 conpulsores
922 1920 1119 1999 exercitus1‚
1138 1922 1275 2006 quando

157 2011 288 2077 Gotus⁰
315 2011 352 2074 in
379 2011 516 2074 hostem
546 2009 637 2073 exire
668 2007 879 2092 conpellunt,
911 2009 940 2071 si
964 2009 1012 2073 eis
1035 2010 1167 2092 aliquid
1189 2009 1275 2072 tule-

155 2101 227 2164 rint
257 2104 318 2163 aut
347 2098 430 2182 ipsis
460 2097 677 2181 presentibus
703 2096 759 2161 vel
790 2097 990 2161 absentibus
1021 2098 1093 2162 sine
1123 2099 1276 2182 ipsorum

155 2182 404 2253 volumtatem<l
431 2187 473 2250 de
497 2186 599 2250 rebus
623 2205 740 2250 eorum
764 2186 900 2250 auferre
930 2187 1185 2270 presumserint
1215 2190 1270 2250 ete

156 2279 222 2341 hoc
247 2280 327 2340 ante
350 2275 464 2339 iudice
487 2274 640 2358 potuerit
660 2274 859 2357 adprobare,
885 2274 926 2351 ei,
952 2275 1008 2339 cui
1031 2275 1274 2353 abstulerint0‚

157 2367 193 2428 in
228 2364 463 2448 undecuplum
500 2363 682 2427 restituere
720 2383 790 2425 non
826 2366 1019 2440 morentur;
1059 2365 1109 2426 ita
1146 2366 1273 2441 tamen,

156 2458 197 2517 ut
227 2453 460 2536 unusquisque
490 2471 608 2516 eorum
637 2451 674 2513 in
704 2444 897 2515 conventuf
924 2451 1062 2535 publice
1089 2464 1113 2517 L
1136 2452 1275 2536 flagella

158 2543 360 2626 suscipiat&

566 2657 621 2714 nr.
651 2656 864 2727 nnrreuaa

160 2773 203 2836 Si
226 2771 445 2856 prepositi
468 2769 690 2834 exercitus
713 2768 874 2834 relicto
895 2769 1014 2834 bello
1038 2771 1089 2833 ad
1110 2771 1276 2833 domum

275 2861 460 2924 redeant
484 2861 559 2922 aut
582 2857 693 2921 alios
716 2858 862 2922 redire
885 2859 1158 2941 permittant.

265 2966 302 3030 si
331 2966 407 3048 quis
436 2964 662 3040 centenarius,
694 2963 872 3028 dimittens
902 2967 1083 3028 centenam
1112 2985 1209 3027 suam
1239 2965 1276 3028 in

157 3048 326 3132 hostemb,
358 3055 402 3117 ad
432 3054 572 3117 domum
602 3072 700 3116 suam
726 3052 903 3136 refugerit,
934 3052 1076 3136 capitali
1106 3053 1275 3137 supplicio

158 3143 359 3208 subiacebit.
396 3141 496 3220 Quod
520 3141 549 3204 si
572 3142 616 3204 ad
640 3140 765 3203 altaria
788 3143 908 3204 sancta
930 3141 985 3206 vel
1009 3142 1054 3204 ad
1077 3142 1275 3226 episcopum

157 3232 247 3297 forte
271 3229 476 3314 confugerit,
501 3240 569 3295 000
592 3228 718 3293 solidos
740 3230 864 3293 reddat
888 3230 1025 3294 eomiti⁰
1054 3231 1214 3308 civitatis,
1238 3231 1275 3293 in

158 3321 254 3384 euius
278 3323 331 3384 est
352 3319 526 3384 territorio
550 3317 768 3394 constitutus,
794 3321 830 3381 et
853 3339 914 3401 pro
930 3319 1003 3381 vita
1026 3339 1089 3382 sua
1110 3340 1179 3382 non
1203 3339 1275 3402 per·

156 3409 325 3474 timescat.
363 3408 443 3491 Ipse
466 3409 583 3470 tamen
607 3425 719 3470 comes
743 3406 893 3470 civitatis
916 3409 1038 3470 notum
1060 3407 1168 3470 iaciat
1191 3408 1273 3490 regi,

157 3500 192 3562 et
220 3499 268 3561 sic
297 3518 375 3561 cum
402 3499 521 3560 nostra
544 3495 759 3558 ordinatione
789 3495 986 3578 partiantur
1016 3495 1118 3559 solidi
1146 3494 1200 3558 illi
1230 3496 1275 3558 ad

157 3587 266 3670 ipsam
297 3588 487 3661 centenam,
518 3603 585 3666 que
616 3583 648 3647 ei
677 3583 793 3647 fuerat
821 3584 1004 3667 adscripta.
1050 3584 1130 3667 Ipse
1159 3586 1275 3648 autem

157 3675 376 3759 postmodum
399 3672 617 3738 centenarius
640 3671 738 3734 nullo
761 3673 863 3735 modo
891 3675 1110 3755 preponatur,
1142 3673 1202 3737 sed
1230 3673 1275 3736 sit

158 3764 247 3827 siout
269 3782 359 3825 unus
383 3782 424 3826 ex
448 3761 596 3825 decanis.
643 3759 689 3823 Et
712 3760 741 3824 si
764 3761 980 3824 centenarius
1008 3761 1082 3824 sine
1106 3762 1275 3825 conscien-

156 3852 207 3914 tia
234 3854 296 3914 aut
317 3850 510 3914 volumtate
540 3849 705 3932 prepositi
734 3849 844 3912 hostis
874 3853 936 3913 aut
964 3849 1119 3914 thiufadi
1149 3850 1202 3912 sui
1232 3851 1274 3914 de

157 3943 303 4004 centena
333 3959 408 4015 sua,
445 3931 510 4001 abd
544 3937 659 4019 aliquo
683 3956 745 4020 per
776 3937 962 4002 beneficioe
996 3958 1178 4021 persuasus
1210 3941 1274 4002 aut

263 4127 481 4229 {ll-dolllodOZl'Bi.
522 4181 545 4228 b)
558 4177 645 4228 aliquid
660 4179 710 4221 add.
724 4180 772 4221 131.
814 4181 835 4227 c)
849 4184 939 4230 cogotos
954 4181 1002 4222 122.
1050 4179 1073 4229 d)
1088 4182 1212 4220 volumtate
1226 4181 1274 4223 132.

157 4238 178 4284 e)
192 4240 216 4276 et
229 4257 255 4264 —
269 4235 404 4275 abstulerint
417 4235 460 4276 dec.
475 4235 521 4276 ΕΙ,
575 4234 720 4282 oconvsntfi
734 4233 780 4275 ΕΙ.
834 4237 856 4281 g)
870 4233 979 4283 suscipiat
992 4235 1038 4276 ΕΙ,
1137 4268 1138 4271 ,

157 4340 231 4382 ficium
244 4289 305 4384 ἐξ·
339 4287 361 4340 ⁸)
375 4289 431 4327 aee
445 4289 493 4329 aa,
540 4287 563 4335 b)
577 4287 643 4326 hoste
656 4286 705 4328 aa
753 4289 774 4334 0)
788 4284 865 4326 comiti
878 4287 925 4330 ar.
973 4284 996 4335 0)
1009 4287 1066 4326 reat
1080 4288 1125 4330 er.
1171 4289 1192 4334 0
1206 4287 1274 4326 bene·

157 4501 184 4569 1)
202 4501 243 4566 Cf.
264 4501 347 4552 Dalm
366 4501 383 4554 l.
402 4517 422 4554 c.
439 4518 468 4568 p.
487 4502 548 4566 211,
569 4516 595 4553 n.
614 4501 638 4553 9.
