3264 5206
256 507 263 516 ’
304 527 356 580 rca
509 519 588 578 nux
606 517 1009 578 vrs1c.auccussvusu
1046 517 1082 587 v,
1102 522 1127 588 r,
1147 523 1170 577 1.
1190 525 1215 576 a.

295 733 299 740 ·
354 705 479 771 XIIII.
515 704 568 770 De
599 703 859 770 condicionibus
889 723 910 768 a
936 703 1184 768 manumissore
1213 704 1251 767 in
1281 704 1425 789 scriptu-

517 799 618 858 ram⁸
643 792 844 857 manumissi
867 792 1080 876 conscriptis.

405 882 481 948 XV.
517 881 570 947 De
594 880 815 947 libertatibus
838 897 1013 946 servorum
1036 880 1215 945 fiscalium.
1237 919 1239 924 ,

383 971 480 1036 XVI.
514 969 569 1036 De
592 970 726 1036 libertis
750 973 786 1035 et
808 969 912 1035 rebus
935 968 1104 1034 fiscalium
1127 989 1312 1034 servorum.

362 1060 479 1125 XVII.
514 1059 568 1125 Ne
597 1059 715 1124 liberti
738 1051 822 1124 vell
849 1059 1029 1142 progenies
1060 1077 1178 1123 eorum
1207 1051 1305 1123 curni
1334 1062 1425 1143 post-

514 1141 693 1214 remitate¹
712 1147 851 1232 patroni
874 1151 935 1211 aut
959 1147 1120 1230 coniugia
1136 1151 1346 1212 connectant
1362 1151 1424 1212 aut

515 1238 564 1302 eis
586 1229 801 1301 insolentes¹¹
827 1235 988 1300 existant.

343 1326 480 1391 XVHI.
515 1325 569 1390 Ne
598 1325 715 1450 libelrti
741 1323 894 1408 religiosi
920 1325 965 1388 ad
988 1322 1189 1407 obsequium
1212 1326 1425 1390 reducantur

514 1415 652 1480 heredis
680 1460 688 1476 .

727 1619 750 1675 1.
782 1617 996 1689 narratas.

353 1733 395 1798 Si
425 1733 645 1816 mancipia
675 1732 765 1797 sive
796 1751 870 1816 per
900 1731 1164 1815 scripturam
1193 1751 1268 1796 seu
1298 1751 1374 1816 per

574 1824 733 1885 testem
763 1820 1147 1885 manumittantur.

408 1926 467 1992 si1
498 1927 574 2009 quis
604 1927 753 1991 moriens
783 1946 844 2010 per
874 1927 1080 2010 scripturam
1115 1921 1177 1991 aut
1206 1926 1424 2010 presentibus

300 2015 448 2081 testibus
464 2015 702 2080 manumiserit
717 2016 890 2100 mancipia
913 2035 984 2094 sua,
1005 2015 1177 2080 volumtas
1201 2015 1274 2080 eius
1294 2014 1425 2080 habeat

301 2105 510 2180 firmitatem,
536 2105 721 2171 dummodo
743 2104 851 2169 trium
874 2107 936 2168 aut
954 2104 1105 2187 quinque
1120 2101 1273 2181 testium,
1298 2103 1424 2186 quibus

302 2193 395 2259 credi
418 2193 535 2277 possit,
558 2185 823 2257 testimoniumb
850 2191 1091 2277 conprobetur.
1138 2191 1206 2257 Sed
1230 2196 1266 2257 et
1289 2191 1424 2256 libertis

302 2283 331 2345 si
354 2282 465 2365 quod⁰
494 2282 675 2346 donaverit
704 2282 763 2364 qui
794 2301 851 2346 eos
878 2282 1095 2345 manumittit
1105 2281 1126 2358 ²,
1159 2285 1220 2346 aut
1250 2280 1423 2346 libertatis

301 2371 408 2454 ipsius
439 2371 609 2454 scriptura
639 2371 832 2447 contineat,
868 2373 930 2434 aut
958 2373 1079 2448 testes,
1111 2369 1185 2452 qui'
1200 2368 1421 2447 adhibentur,

302 2463 501 2542 agnoscant,
526 2463 562 2524 et
584 2479 638 2524 res
662 2462 747 2544 aput
770 2458 913 2524 libertos
937 2459 1067 2523 donata
1089 2462 1299 2542 permaneat.

669 2703 673 2708 .
733 2664 772 2722 n.
803 2663 987 2735 Auriana

330 2776 373 2842 Si
404 2776 622 2842 alienum⁸
649 2797 818 2842 servum
844 2776 914 2842 vel
932 2797 1205 2864 communem
1232 2778 1388 2842 manci-

612 2867 728 2951 pium
757 2867 1103 2930 manumittatur.

408 2971 467 3036 si⁸
489 2973 741 3056 quis‘alienum
765 2993 901 3038 servum
923 2971 980 3037 val
1003 2993 1184 3037 commune
1211 2973 1422 3057 mancipium

300 3061 538 3126 manumiserit
561 3061 598 3126 in
612 3061 772 3126 hundam
788 3061 927 3139 domini,
953 3061 1095 3125 libertas
1111 3062 1195 3126 data
1209 3081 1281 3126 non
1295 3061 1422 3126 valeat.

300 3149 368 3214 Ille
391 3169 481 3227 vero,
506 3151 566 3233 qui
589 3150 828 3214 manumiserit
851 3149 1004 3215 alienum
1027 3151 1246 3234 mancipium,
1273 3150 1423 3214 alterum

300 3241 415 3321 preter
438 3237 539 3301 illum
555 3239 694 3303 domino
718 3239 800 3303 dare
824 3240 979 3321 cogatur.
1026 3237 1159 3303 sivero
1183 3239 1342 3302 dominus
1365 3239 1422 3302 ad·

300 3327 477 3410 quieverit,
501 3330 542 3390 ut
565 3327 626 3394 ille
648 3326 737 3392 liber
752 3327 807 3404 sit,
833 3328 918 3392 duos
934 3326 1078 3392 vicarios
1098 3347 1211 3392 servos
1228 3343 1289 3412 pro
1305 3345 1436 3392 manu·-

299 3415 403 3479 misso
419 3434 516 3479 servo
531 3415 708 3499 percipiat,
734 3419 769 3481 et
792 3415 936 3482 libertas
960 3416 1043 3480 data
1058 3416 1187 3481 habeat
1210 3416 1421 3482 firmitatem.

300 3502 375 3567 Hoc
399 3504 578 3568 eademst
602 3505 645 3569 de
668 3504 804 3569 ancillis
828 3505 1034 3589 precipimus
1059 3504 1235 3569 custodiri.
1282 3503 1319 3568 Si
1345 3505 1421 3587 quis

300 3611 381 3656 sane
408 3591 486 3655 vult
514 3608 555 3656 ex
581 3585 781 3676 integrumb
811 3593 1057 3659 manumittere
1087 3613 1268 3658 commune
1296 3594 1422 3658 manci-

299 3681 404 3764 pium,
437 3679 684 3765 presbyterum,
716 3682 776 3765 qui
805 3702 944 3766 presens
968 3685 1030 3760 est,
1055 3681 1112 3746 vel
1135 3683 1319 3746 diaconum
1346 3702 1421 3746 con·

405 3890 428 3937 g)
442 3887 555 3937 scriptura
569 3889 711 3930 manumissis
725 3889 745 3927 R
754 3889 775 3932 8.
829 3890 852 3937 h)
868 3887 896 3929 de
911 3890 962 3933 odd.
976 3889 1023 3933 Rl.
1077 3889 1094 3942 i)
1107 3891 1140 3929 ita
1154 3890 1209 3940 132,
1225 3889 1278 3938 qnffi
1292 3891 1422 3939 prostremi-

300 3943 347 3979 tate
361 3941 407 3982 121.
475 3941 499 3990 k)
513 3942 528 3984 i.
542 3953 578 3984 ex.
595 3943 638 3985 des.
653 3943 700 3986 ΕΙ.
774 3942 790 3991 l)
803 3943 900 3986 XVIIII.
913 3944 948 3983 De
963 3944 1166 3993 transgressoribus
1181 3944 1313 3984 libertorum
1324 3944 1422 3992 -atpriori

301 3997 421 4033 atramento
436 3994 464 4037 al.
479 4006 507 4036 m.
517 3999 570 4044 post
584 3996 635 4039 aad.
649 3995 669 4034 R
678 3997 697 4038 1.

406 4048 424 4090 Ι,
466 4050 487 4096 a)
501 4049 620 4091 dactus.
674 4049 698 4100 b)
713 4048 841 4088 testimonio
855 4049 904 4091 Ra.
959 4052 979 4099 c)
994 4046 1049 4098 quid
1063 4050 1112 4092 122.

405 4101 437 4143 11.
476 4102 498 4149 a)
512 4101 599 4142 alienus
614 4113 693 4142 servus
708 4102 746 4142 val
760 4112 877 4142 commune
891 4113 919 4145 m.
933 4103 983 4146 122.
1036 4103 1060 4152 b)
1073 4103 1162 4152 integro
1176 4103 1226 4146 132.

300 4276 327 4343 1)
345 4277 386 4342 Cf.
405 4279 442 4330 ad
460 4279 529 4331 hanc
551 4285 575 4331 et
597 4279 718 4345 reliquos
738 4280 882 4347 plerosque
905 4280 988 4333 buius
1012 4281 1088 4334 titali
1112 4282 1179 4348 lopas
1204 4297 1270 4348 quae
1295 4282 1423 4334 disseruit

301 4347 392 4414 Dalm,
408 4350 530 4416 ‘Ko‘nipe'
547 4348 612 4416 111²,
628 4366 658 4416 p.
673 4351 725 4405 180
738 4367 791 4417 sqq.
846 4351 874 4418 2)
890 4351 931 4416 Of.
945 4353 1024 4416 intra
1041 4368 1062 4404 c.
1077 4355 1119 4418 13,
1136 4370 1165 4420 p.
1179 4355 1247 4417 lra-
1264 4353 1421 4408 Form,Vis.

299 4421 325 4474 2.
337 4421 362 4475 5.
375 4423 400 4474 6.
413 4423 457 4486 21,
477 4428 501 4473 ct
519 4436 586 4487 quae
603 4421 731 4474 adnotari
747 4423 838 4477 Form.
853 4441 883 4490 p.
896 4424 957 4489 576,
978 4439 1004 4477 n.
1019 4424 1043 4478 6.
1116 4425 1144 4490 3)
1162 4424 1204 4489 Cf.
1222 4425 1255 4478 L.
1275 4424 1350 4479 Rom,
1364 4424 1421 4476 Vis.

301 4491 327 4544 θ,
346 4491 394 4545 Tb.
413 4491 463 4558 IV,
483 4494 510 4548 9.
528 4492 646 4560 Interpr.
