<?xml version="1.0" encoding="UTF-8"?>
<!DOCTYPE html PUBLIC "-//W3C//DTD XHTML 1.0 Transitional//EN"
    "http://www.w3.org/TR/xhtml1/DTD/xhtml1-transitional.dtd">
<html xmlns="http://www.w3.org/1999/xhtml" xml:lang="en" lang="en">
 <head>
  <title>
</title>
<meta http-equiv="Content-Type" content="text/html;charset=utf-8" />
  <meta name='ocr-system' content='tesseract 3.04.00' />
  <meta name='ocr-capabilities' content='ocr_page ocr_carea ocr_par ocr_line ocrx_word'/>
</head>
<body>
  <div class='ocr_page' id='page_1' title='image "./legesvisigothor00gaudgoog_0151.png"; bbox 0 0 3218 5202; ppageno 0'>
   <div class='ocr_carea' id='block_1_1' title="bbox 359 521 1285 594">
    <p class='ocr_par' dir='ltr' id='par_1_1' title="bbox 359 521 1285 594">
     <span class='ocr_line' id='line_1_1' title="bbox 359 521 1285 594; baseline 0.01 -20"><span class='ocrx_word' id='word_1_1' title='bbox 359 563 361 574; x_wconf 92' lang='lat'>.</span> <span class='ocrx_word' id='word_1_2' title='bbox 386 522 464 580; x_wconf 76' lang='lat' dir='ltr'>LEX</span> <span class='ocrx_word' id='word_1_3' title='bbox 481 522 597 582; x_wconf 80' lang='lat' dir='ltr'>VISIG.</span> <span class='ocrx_word' id='word_1_4' title='bbox 615 521 884 580; x_wconf 74' lang='lat' dir='ltr'>REOOESSWND.</span> <span class='ocrx_word' id='word_1_5' title='bbox 920 522 976 594; x_wconf 90' lang='lat'>111,</span> <span class='ocrx_word' id='word_1_6' title='bbox 995 527 1020 592; x_wconf 77' lang='grc'>6,</span> <span class='ocrx_word' id='word_1_7' title='bbox 1038 527 1064 581; x_wconf 79' lang='lat'>2.</span> <span class='ocrx_word' id='word_1_8' title='bbox 1233 527 1285 583; x_wconf 75' lang='lat'>119</span> 
     </span>
    </p>
   </div>
   <div class='ocr_carea' id='block_1_2' title="bbox 161 705 1284 2555">
    <p class='ocr_par' dir='ltr' id='par_1_2' title="bbox 161 705 1284 2555">
     <span class='ocr_line' id='line_1_2' title="bbox 163 705 1284 790; baseline -0.001 -19"><span class='ocrx_word' id='word_1_9' title='bbox 163 707 254 771; x_wconf 86' lang='lat' dir='ltr'>filios</span> <span class='ocrx_word' id='word_1_10' title='bbox 289 707 449 771; x_wconf 85' lang='lat' dir='ltr'>videatur</span> <span class='ocrx_word' id='word_1_11' title='bbox 483 707 624 784; x_wconf 85' lang='lat' dir='ltr'>habere,</span> <span class='ocrx_word' id='word_1_12' title='bbox 666 705 749 790; x_wconf 87' lang='lat' dir='ltr'>ipsis</span> <span class='ocrx_word' id='word_1_13' title='bbox 787 705 1014 790; x_wconf 78' lang='lat' dir='ltr'>proculdubio</span> <span class='ocrx_word' id='word_1_14' title='bbox 1048 706 1184 770; x_wconf 87' lang='lat' dir='ltr'>licitum</span> <span class='ocrx_word' id='word_1_15' title='bbox 1218 707 1284 771; x_wconf 89' lang='lat' dir='ltr'>erit</span> 
     </span>
     <span class='ocr_line' id='line_1_3' title="bbox 164 795 1284 872; baseline -0.001 -13"><span class='ocrx_word' id='word_1_16' title='bbox 164 798 357 859; x_wconf 73' lang='lat' dir='ltr'>maternam</span> <span class='ocrx_word' id='word_1_17' title='bbox 390 815 510 860; x_wconf 84' lang='lat' dir='ltr'>vocem</span> <span class='ocrx_word' id='word_1_18' title='bbox 544 795 714 872; x_wconf 86' lang='lat' dir='ltr'>adserere,</span> <span class='ocrx_word' id='word_1_19' title='bbox 753 797 807 871; x_wconf 85' lang='lat' dir='ltr'>ut,</span> <span class='ocrx_word' id='word_1_20' title='bbox 848 814 966 859; x_wconf 88' lang='lat' dir='ltr'>eorum</span> <span class='ocrx_word' id='word_1_21' title='bbox 1003 795 1171 858; x_wconf 86' lang='lat' dir='ltr'>instantia</span> <span class='ocrx_word' id='word_1_22' title='bbox 1205 815 1284 859; x_wconf 87' lang='lat' dir='ltr'>cum</span> 
     </span>
     <span class='ocr_line' id='line_1_4' title="bbox 162 882 1284 967; baseline -0.002 -19"><span class='ocrx_word' id='word_1_23' title='bbox 162 884 274 948; x_wconf 74' lang='lat' dir='ltr'>fuerit</span> <span class='ocrx_word' id='word_1_24' title='bbox 302 884 419 947; x_wconf 84' lang='lat' dir='ltr'>iustay</span> <span class='ocrx_word' id='word_1_25' title='bbox 450 887 644 967; x_wconf 75' lang='lat' dir='ltr'>presentem</span> <span class='ocrx_word' id='word_1_26' title='bbox 670 882 784 966; x_wconf 85' lang='lat' dir='ltr'>legem</span> <span class='ocrx_word' id='word_1_27' title='bbox 810 882 970 946; x_wconf 73' lang='lat' dir='ltr'>scelerati</span> <span class='ocrx_word' id='word_1_28' title='bbox 996 889 1164 967; x_wconf 69' lang='lat' dir='ltr'>personal</span> <span class='ocrx_word' id='word_1_29' title='bbox 1193 884 1284 947; x_wconf 91' lang='lat' dir='ltr'>dam-</span> 
     </span>
     <span class='ocr_line' id='line_1_5' title="bbox 163 971 1281 1049; baseline 0.002 -15"><span class='ocrx_word' id='word_1_30' title='bbox 163 973 257 1048; x_wconf 84' lang='lat' dir='ltr'>nata,</span> <span class='ocrx_word' id='word_1_31' title='bbox 281 971 487 1040; x_wconf 76' lang='lat' dir='ltr'>facultatem</span> <span class='ocrx_word' id='word_1_32' title='bbox 510 972 583 1036; x_wconf 89' lang='lat' dir='ltr'>eius</span> <span class='ocrx_word' id='word_1_33' title='bbox 605 971 845 1035; x_wconf 83' lang='lat' dir='ltr'>indubitanter</span> <span class='ocrx_word' id='word_1_34' title='bbox 867 971 1058 1036; x_wconf 85' lang='lat' dir='ltr'>obtineant.</span> <span class='ocrx_word' id='word_1_35' title='bbox 1098 971 1173 1035; x_wconf 89' lang='lat' dir='ltr'>Iam</span> <span class='ocrx_word' id='word_1_36' title='bbox 1191 992 1281 1049; x_wconf 83' lang='lat' dir='ltr'>vero,</span> 
     </span>
     <span class='ocr_line' id='line_1_6' title="bbox 164 1059 1282 1144; baseline 0 -20"><span class='ocrx_word' id='word_1_37' title='bbox 164 1061 194 1124; x_wconf 90' lang='lat' dir='ltr'>si</span> <span class='ocrx_word' id='word_1_38' title='bbox 223 1061 458 1144; x_wconf 90' lang='lat' dir='ltr'>predictarum</span> <span class='ocrx_word' id='word_1_39' title='bbox 491 1079 728 1144; x_wconf 85' lang='lat' dir='ltr'>personarum,</span> <span class='ocrx_word' id='word_1_40' title='bbox 761 1059 817 1123; x_wconf 83' lang='lat' dir='ltr'>vel</span> <span class='ocrx_word' id='word_1_41' title='bbox 848 1059 915 1123; x_wconf 86' lang='lat' dir='ltr'>viri</span> <span class='ocrx_word' id='word_1_42' title='bbox 943 1059 999 1125; x_wconf 84' lang='lat' dir='ltr'>vel</span> <span class='ocrx_word' id='word_1_43' title='bbox 1032 1059 1200 1136; x_wconf 79' lang='lat' dir='ltr'>mulieris,</span> <span class='ocrx_word' id='word_1_44' title='bbox 1235 1079 1282 1124; x_wconf 88' lang='lat' dir='ltr'>se·</span> 
     </span>
     <span class='ocr_line' id='line_1_7' title="bbox 165 1146 1282 1232; baseline -0.003 -19"><span class='ocrx_word' id='word_1_45' title='bbox 165 1149 317 1214; x_wconf 89' lang='lat' dir='ltr'>cundum</span> <span class='ocrx_word' id='word_1_46' title='bbox 346 1148 522 1232; x_wconf 85' lang='lat' dir='ltr'>prefatum</span> <span class='ocrx_word' id='word_1_47' title='bbox 552 1148 707 1212; x_wconf 88' lang='lat' dir='ltr'>ordinem</span> <span class='ocrx_word' id='word_1_48' title='bbox 736 1146 801 1211; x_wconf 88' lang='lat' dir='ltr'>filii</span> <span class='ocrx_word' id='word_1_49' title='bbox 831 1148 948 1212; x_wconf 85' lang='lat' dir='ltr'>deesse</span> <span class='ocrx_word' id='word_1_50' title='bbox 977 1151 1175 1225; x_wconf 87' lang='lat' dir='ltr'>noscuntur,</span> <span class='ocrx_word' id='word_1_51' title='bbox 1207 1167 1282 1212; x_wconf 94' lang='lat' dir='ltr'>con·</span> 
     </span>
     <span class='ocr_line' id='line_1_8' title="bbox 164 1235 1282 1320; baseline 0 -20"><span class='ocrx_word' id='word_1_52' title='bbox 164 1239 283 1302; x_wconf 75' lang='lat' dir='ltr'>tente⁸</span> <span class='ocrx_word' id='word_1_53' title='bbox 309 1236 463 1300; x_wconf 86' lang='lat' dir='ltr'>mulieris</span> <span class='ocrx_word' id='word_1_54' title='bbox 493 1235 723 1301; x_wconf 83' lang='lat' dir='ltr'>hereditatem</span> <span class='ocrx_word' id='word_1_55' title='bbox 750 1239 836 1300; x_wconf 90' lang='lat' dir='ltr'>tunc</span> <span class='ocrx_word' id='word_1_56' title='bbox 863 1239 957 1300; x_wconf 88' lang='lat' dir='ltr'>recte</span> <span class='ocrx_word' id='word_1_57' title='bbox 984 1236 1186 1320; x_wconf 90' lang='lat' dir='ltr'>propinquis</span> <span class='ocrx_word' id='word_1_58' title='bbox 1209 1236 1282 1300; x_wconf 88' lang='lat' dir='ltr'>eius</span> 
     </span>
     <span class='ocr_line' id='line_1_9' title="bbox 164 1316 1283 1408; baseline 0 -19"><span class='ocrx_word' id='word_1_59' title='bbox 164 1324 325 1408; x_wconf 89' lang='lat' dir='ltr'>capiendi</span> <span class='ocrx_word' id='word_1_60' title='bbox 350 1323 486 1390; x_wconf 90' lang='lat' dir='ltr'>licitum</span> <span class='ocrx_word' id='word_1_61' title='bbox 513 1325 589 1402; x_wconf 86' lang='lat' dir='ltr'>erit,</span> <span class='ocrx_word' id='word_1_62' title='bbox 621 1324 650 1388; x_wconf 88' lang='lat' dir='ltr'>ei</span> <span class='ocrx_word' id='word_1_63' title='bbox 673 1316 894 1408; x_wconf 79' lang='lat' dir='ltr'>despectumb</span> <span class='ocrx_word' id='word_1_64' title='bbox 920 1325 1113 1408; x_wconf 88' lang='lat' dir='ltr'>propinque</span> <span class='ocrx_word' id='word_1_65' title='bbox 1134 1324 1283 1389; x_wconf 81' lang='lat' dir='ltr'>vindica</span> 
     </span>
     <span class='ocr_line' id='line_1_10' title="bbox 161 1411 1282 1497; baseline 0 -21"><span class='ocrx_word' id='word_1_66' title='bbox 161 1413 254 1476; x_wconf 75' lang='lat' dir='ltr'>turi⁰</span> <span class='ocrx_word' id='word_1_67' title='bbox 280 1413 472 1496; x_wconf 87' lang='lat' dir='ltr'>spernentis</span> <span class='ocrx_word' id='word_1_68' title='bbox 494 1412 560 1477; x_wconf 82' lang='lat' dir='ltr'>riri</span> <span class='ocrx_word' id='word_1_69' title='bbox 581 1411 852 1497; x_wconf 87' lang='lat' dir='ltr'>presumtionem</span> <span class='ocrx_word' id='word_1_70' title='bbox 874 1412 1035 1496; x_wconf 84' lang='lat' dir='ltr'>legaliter</span> <span class='ocrx_word' id='word_1_71' title='bbox 1057 1413 1282 1477; x_wconf 89' lang='lat' dir='ltr'>condemnan·</span> 
     </span>
     <span class='ocr_line' id='line_1_11' title="bbox 163 1500 1282 1583; baseline 0.001 -18"><span class='ocrx_word' id='word_1_72' title='bbox 163 1501 243 1565; x_wconf 89' lang='lat' dir='ltr'>dam</span> <span class='ocrx_word' id='word_1_73' title='bbox 265 1501 467 1566; x_wconf 87' lang='lat' dir='ltr'>institerint.</span> <span class='ocrx_word' id='word_1_74' title='bbox 512 1501 660 1564; x_wconf 86' lang='lat' dir='ltr'>Maritus</span> <span class='ocrx_word' id='word_1_75' title='bbox 683 1504 810 1578; x_wconf 80' lang='lat' dir='ltr'>autem,</span> <span class='ocrx_word' id='word_1_76' title='bbox 834 1501 894 1583; x_wconf 91' lang='lat' dir='ltr'>qui</span> <span class='ocrx_word' id='word_1_77' title='bbox 915 1500 971 1565; x_wconf 84' lang='lat' dir='ltr'>vel</span> <span class='ocrx_word' id='word_1_78' title='bbox 994 1501 1135 1565; x_wconf 85' lang='lat' dir='ltr'>divortii</span> <span class='ocrx_word' id='word_1_79' title='bbox 1156 1501 1212 1565; x_wconf 85' lang='lat' dir='ltr'>vel</span> <span class='ocrx_word' id='word_1_80' title='bbox 1235 1521 1282 1566; x_wconf 82' lang='lat' dir='ltr'>se</span> 
     </span>
     <span class='ocr_line' id='line_1_12' title="bbox 164 1584 1283 1674; baseline -0.001 -20"><span class='ocrx_word' id='word_1_81' title='bbox 164 1589 321 1654; x_wconf 82' lang='lat' dir='ltr'>caritatis</span> <span class='ocrx_word' id='word_1_82' title='bbox 344 1610 365 1653; x_wconf 87' lang='lat' dir='ltr'>a</span> <span class='ocrx_word' id='word_1_83' title='bbox 388 1589 534 1674; x_wconf 85' lang='lat' dir='ltr'>coniuge</span> <span class='ocrx_word' id='word_1_84' title='bbox 555 1584 797 1673; x_wconf 80' lang='lat' dir='ltr'>iscripturam‘l</span> <span class='ocrx_word' id='word_1_85' title='bbox 811 1589 1003 1673; x_wconf 88' lang='lat' dir='ltr'>quamlibet</span> <span class='ocrx_word' id='word_1_86' title='bbox 1018 1589 1197 1672; x_wconf 75' lang='lat' dir='ltr'>exigerit⁰‚</span> <span class='ocrx_word' id='word_1_87' title='bbox 1221 1609 1283 1655; x_wconf 86' lang='lat' dir='ltr'>seu</span> 
     </span>
     <span class='ocr_line' id='line_1_13' title="bbox 161 1671 1282 1762; baseline 0.002 -22"><span class='ocrx_word' id='word_1_88' title='bbox 161 1678 309 1742; x_wconf 81' lang='lat' dir='ltr'>fortasse</span> <span class='ocrx_word' id='word_1_89' title='bbox 338 1698 409 1741; x_wconf 92' lang='lat' dir='ltr'>non</span> <span class='ocrx_word' id='word_1_90' title='bbox 439 1671 612 1762; x_wconf 74' lang='lat' dir='ltr'>exigensf,</span> <span class='ocrx_word' id='word_1_91' title='bbox 648 1680 823 1742; x_wconf 89' lang='lat' dir='ltr'>contemta</span> <span class='ocrx_word' id='word_1_92' title='bbox 855 1680 974 1743; x_wconf 87' lang='lat' dir='ltr'>tamen</span> <span class='ocrx_word' id='word_1_93' title='bbox 1002 1681 1142 1755; x_wconf 64' lang='lat' dir='ltr'>uxoress,</span> <span class='ocrx_word' id='word_1_94' title='bbox 1178 1677 1282 1742; x_wconf 90' lang='lat' dir='ltr'>aliam</span> 
     </span>
     <span class='ocr_line' id='line_1_14' title="bbox 162 1758 1282 1850; baseline 0.001 -21"><span class='ocrx_word' id='word_1_95' title='bbox 162 1765 229 1829; x_wconf 89' lang='lat' dir='ltr'>sibi</span> <span class='ocrx_word' id='word_1_96' title='bbox 262 1786 404 1831; x_wconf 83' lang='lat' dir='ltr'>uxorem</span> <span class='ocrx_word' id='word_1_97' title='bbox 438 1758 683 1843; x_wconf 69' lang='lat' dir='ltr'>adsumserith,</span> <span class='ocrx_word' id='word_1_98' title='bbox 719 1766 878 1831; x_wconf 86' lang='lat' dir='ltr'>ducentis</span> <span class='ocrx_word' id='word_1_99' title='bbox 911 1764 1050 1850; x_wconf 90' lang='lat' dir='ltr'>publice</span> <span class='ocrx_word' id='word_1_100' title='bbox 1083 1766 1282 1831; x_wconf 86' lang='lat' dir='ltr'>verberibus</span> 
     </span>
     <span class='ocr_line' id='line_1_15' title="bbox 163 1847 1282 1938; baseline 0.001 -22"><span class='ocrx_word' id='word_1_101' title='bbox 163 1853 359 1938; x_wconf 85' lang='lat' dir='ltr'>flagellatus</span> <span class='ocrx_word' id='word_1_102' title='bbox 389 1875 429 1918; x_wconf 88' lang='lat' dir='ltr'>ac</span> <span class='ocrx_word' id='word_1_103' title='bbox 458 1855 608 1938; x_wconf 88' lang='lat' dir='ltr'>turpiter</span> <span class='ocrx_word' id='word_1_104' title='bbox 638 1847 892 1918; x_wconf 85' lang='lat' dir='ltr'>decalvatione¹</span> <span class='ocrx_word' id='word_1_105' title='bbox 926 1854 1079 1931; x_wconf 86' lang='lat' dir='ltr'>fedatus,</span> <span class='ocrx_word' id='word_1_106' title='bbox 1115 1857 1178 1918; x_wconf 87' lang='lat' dir='ltr'>aut</span> <span class='ocrx_word' id='word_1_107' title='bbox 1208 1875 1282 1938; x_wconf 90' lang='lat' dir='ltr'>per·</span> 
     </span>
     <span class='ocr_line' id='line_1_16' title="bbox 162 1941 1282 2026; baseline -0.001 -19"><span class='ocrx_word' id='word_1_108' title='bbox 162 1945 268 2026; x_wconf 90' lang='lat' dir='ltr'>petuo</span> <span class='ocrx_word' id='word_1_109' title='bbox 298 1944 546 2014; x_wconf 87' lang='lat' dir='ltr'>condemnetur</span> <span class='ocrx_word' id='word_1_110' title='bbox 572 1942 685 2019; x_wconf 85' lang='lat' dir='ltr'>exilio,</span> <span class='ocrx_word' id='word_1_111' title='bbox 716 1945 778 2006; x_wconf 87' lang='lat' dir='ltr'>aut</span> <span class='ocrx_word' id='word_1_112' title='bbox 800 1941 830 2006; x_wconf 95' lang='lat' dir='ltr'>si</span> <span class='ocrx_word' id='word_1_113' title='bbox 852 1943 981 2008; x_wconf 89' lang='lat' dir='ltr'>donare</span> <span class='ocrx_word' id='word_1_114' title='bbox 1007 1942 1108 2006; x_wconf 90' lang='lat' dir='ltr'>illum</span> <span class='ocrx_word' id='word_1_115' title='bbox 1135 1943 1282 2008; x_wconf 89' lang='lat' dir='ltr'>cuicum·</span> 
     </span>
     <span class='ocr_line' id='line_1_17' title="bbox 161 2030 1281 2116; baseline 0 -22"><span class='ocrx_word' id='word_1_116' title='bbox 161 2050 229 2114; x_wconf 90' lang='lat' dir='ltr'>que</span> <span class='ocrx_word' id='word_1_117' title='bbox 252 2031 417 2116; x_wconf 85' lang='lat' dir='ltr'>principis</span> <span class='ocrx_word' id='word_1_118' title='bbox 439 2033 593 2115; x_wconf 88' lang='lat' dir='ltr'>potestas</span> <span class='ocrx_word' id='word_1_119' title='bbox 612 2030 792 2114; x_wconf 84' lang='lat' dir='ltr'>helegerit,</span> <span class='ocrx_word' id='word_1_120' title='bbox 815 2031 853 2093; x_wconf 90' lang='lat' dir='ltr'>in</span> <span class='ocrx_word' id='word_1_121' title='bbox 868 2050 931 2094; x_wconf 90' lang='lat' dir='ltr'>suo</span> <span class='ocrx_word' id='word_1_122' title='bbox 947 2031 1113 2096; x_wconf 79' lang='lat' dir='ltr'>consistat</span> <span class='ocrx_word' id='word_1_123' title='bbox 1128 2031 1281 2094; x_wconf 88' lang='lat' dir='ltr'>arbitrio.</span> 
     </span>
     <span class='ocr_line' id='line_1_18' title="bbox 163 2117 1282 2204; baseline 0.001 -22"><span class='ocrx_word' id='word_1_124' title='bbox 163 2117 231 2183; x_wconf 83' lang='lat' dir='ltr'>Sed</span> <span class='ocrx_word' id='word_1_125' title='bbox 256 2121 291 2184; x_wconf 87' lang='lat' dir='ltr'>et</span> <span class='ocrx_word' id='word_1_126' title='bbox 314 2118 448 2196; x_wconf 81' lang='lat' dir='ltr'>mulier,</span> <span class='ocrx_word' id='word_1_127' title='bbox 477 2139 553 2202; x_wconf 89' lang='lat' dir='ltr'>que,</span> <span class='ocrx_word' id='word_1_128' title='bbox 581 2119 692 2184; x_wconf 88' lang='lat' dir='ltr'>sciens</span> <span class='ocrx_word' id='word_1_129' title='bbox 715 2123 777 2183; x_wconf 87' lang='lat' dir='ltr'>aut</span> <span class='ocrx_word' id='word_1_130' title='bbox 802 2119 980 2184; x_wconf 81' lang='lat' dir='ltr'>occasione</span> <span class='ocrx_word' id='word_1_131' title='bbox 1003 2117 1159 2202; x_wconf 87' lang='lat' dir='ltr'>qualibet</span> <span class='ocrx_word' id='word_1_132' title='bbox 1181 2140 1282 2204; x_wconf 79' lang='lat' dir='ltr'>agno·</span> 
     </span>
     <span class='ocr_line' id='line_1_19' title="bbox 161 2199 1282 2292; baseline 0 -22"><span class='ocrx_word' id='word_1_133' title='bbox 161 2225 260 2271; x_wconf 85' lang='lat' dir='ltr'>scens</span> <span class='ocrx_word' id='word_1_134' title='bbox 288 2207 401 2271; x_wconf 87' lang='lat' dir='ltr'>virum</span> <span class='ocrx_word' id='word_1_135' title='bbox 434 2207 562 2272; x_wconf 91' lang='lat' dir='ltr'>habere</span> <span class='ocrx_word' id='word_1_136' title='bbox 592 2199 810 2292; x_wconf 67' lang='lat' dir='ltr'>suprestem¹¹</span> <span class='ocrx_word' id='word_1_137' title='bbox 842 2228 998 2285; x_wconf 82' lang='lat' dir='ltr'>uxorem,</span> <span class='ocrx_word' id='word_1_138' title='bbox 1034 2206 1107 2273; x_wconf 88' lang='lat' dir='ltr'>eius</span> <span class='ocrx_word' id='word_1_139' title='bbox 1134 2205 1282 2272; x_wconf 84' lang='lat' dir='ltr'>vanitati</span> 
     </span>
     <span class='ocr_line' id='line_1_20' title="bbox 162 2289 1281 2380; baseline 0.003 -22"><span class='ocrx_word' id='word_1_140' title='bbox 162 2295 382 2372; x_wconf 88' lang='lat' dir='ltr'>consenserit,</span> <span class='ocrx_word' id='word_1_141' title='bbox 414 2300 454 2360; x_wconf 89' lang='lat' dir='ltr'>ut</span> <span class='ocrx_word' id='word_1_142' title='bbox 482 2295 550 2380; x_wconf 88' lang='lat' dir='ltr'>ipsi</span> <span class='ocrx_word' id='word_1_143' title='bbox 579 2313 615 2362; x_wconf 92' lang='lat' dir='ltr'>se</span> <span class='ocrx_word' id='word_1_144' title='bbox 644 2295 682 2359; x_wconf 89' lang='lat' dir='ltr'>in</span> <span class='ocrx_word' id='word_1_145' title='bbox 711 2289 889 2379; x_wconf 87' lang='lat' dir='ltr'>coniugio¹</span> <span class='ocrx_word' id='word_1_146' title='bbox 919 2295 1100 2380; x_wconf 59' lang='lat' dir='ltr'>copulate,</span> <span class='ocrx_word' id='word_1_147' title='bbox 1130 2295 1185 2360; x_wconf 91' lang='lat' dir='ltr'>illi</span> <span class='ocrx_word' id='word_1_148' title='bbox 1207 2317 1281 2380; x_wconf 88' lang='lat' dir='ltr'>pro</span> 
     </span>
     <span class='ocr_line' id='line_1_21' title="bbox 161 2383 1281 2467; baseline 0.003 -21"><span class='ocrx_word' id='word_1_149' title='bbox 161 2383 257 2446; x_wconf 89' lang='lat' dir='ltr'>tinus</span> <span class='ocrx_word' id='word_1_150' title='bbox 291 2383 428 2448; x_wconf 85' lang='lat' dir='ltr'>mulieri</span> <span class='ocrx_word' id='word_1_151' title='bbox 461 2383 632 2450; x_wconf 88' lang='lat' dir='ltr'>tradenda</span> <span class='ocrx_word' id='word_1_152' title='bbox 665 2387 732 2461; x_wconf 85' lang='lat' dir='ltr'>est,</span> <span class='ocrx_word' id='word_1_153' title='bbox 771 2405 838 2467; x_wconf 91' lang='lat' dir='ltr'>que</span> <span class='ocrx_word' id='word_1_154' title='bbox 873 2387 1049 2448; x_wconf 91' lang='lat' dir='ltr'>contemta</span> <span class='ocrx_word' id='word_1_155' title='bbox 1082 2384 1125 2448; x_wconf 92' lang='lat' dir='ltr'>ab</span> <span class='ocrx_word' id='word_1_156' title='bbox 1160 2385 1281 2449; x_wconf 91' lang='lat' dir='ltr'>eodem</span> 
     </span>
     <span class='ocr_line' id='line_1_22' title="bbox 161 2471 1279 2555; baseline 0.001 -21"><span class='ocrx_word' id='word_1_157' title='bbox 161 2471 296 2548; x_wconf 86' lang='lat' dir='ltr'>marito,</span> <span class='ocrx_word' id='word_1_158' title='bbox 327 2492 429 2555; x_wconf 90' lang='lat' dir='ltr'>quem</span> <span class='ocrx_word' id='word_1_159' title='bbox 458 2471 521 2536; x_wconf 90' lang='lat' dir='ltr'>illa</span> <span class='ocrx_word' id='word_1_160' title='bbox 550 2473 673 2537; x_wconf 77' lang='lat' dir='ltr'>sortIta</span> <span class='ocrx_word' id='word_1_161' title='bbox 703 2475 764 2550; x_wconf 86' lang='lat' dir='ltr'>est,</span> <span class='ocrx_word' id='word_1_162' title='bbox 796 2491 869 2536; x_wconf 89' lang='lat' dir='ltr'>esse</span> <span class='ocrx_word' id='word_1_163' title='bbox 892 2472 1125 2550; x_wconf 85' lang='lat' dir='ltr'>dinoscitur¹¹;</span> <span class='ocrx_word' id='word_1_164' title='bbox 1156 2473 1207 2536; x_wconf 89' lang='lat' dir='ltr'>ita</span> <span class='ocrx_word' id='word_1_165' title='bbox 1230 2476 1279 2550; x_wconf 90' lang='lat' dir='ltr'>ut,</span> 
     </span>
    </p>
   </div>
   <div class='ocr_carea' id='block_1_3' title="bbox 25 2559 1280 2643">
    <p class='ocr_par' dir='ltr' id='par_1_3' title="bbox 25 2559 1280 2643">
     <span class='ocr_line' id='line_1_23' title="bbox 25 2559 1280 2643; baseline 0.003 -21"><span class='ocrx_word' id='word_1_166' title='bbox 25 2591 30 2610; x_wconf 84' lang='lat'><strong>·</strong></span> <span class='ocrx_word' id='word_1_167' title='bbox 160 2559 288 2624; x_wconf 81' lang='lat' dir='ltr'>ritam⁰</span> <span class='ocrx_word' id='word_1_168' title='bbox 315 2561 454 2624; x_wconf 88' lang='lat' dir='ltr'>tantum</span> <span class='ocrx_word' id='word_1_169' title='bbox 483 2581 689 2639; x_wconf 88' lang='lat' dir='ltr'>concessam,</span> <span class='ocrx_word' id='word_1_170' title='bbox 719 2560 871 2626; x_wconf 86' lang='lat' dir='ltr'>faciendi</span> <span class='ocrx_word' id='word_1_171' title='bbox 901 2559 944 2625; x_wconf 93' lang='lat' dir='ltr'>de</span> <span class='ocrx_word' id='word_1_172' title='bbox 974 2566 1070 2626; x_wconf 74' lang='lat' dir='ltr'>eaml&#39;</span> <span class='ocrx_word' id='word_1_173' title='bbox 1097 2561 1189 2643; x_wconf 91' lang='lat' dir='ltr'>quod</span> <span class='ocrx_word' id='word_1_174' title='bbox 1216 2560 1280 2626; x_wconf 90' lang='lat' dir='ltr'>ele·</span> 
     </span>
    </p>
   </div>
   <div class='ocr_carea' id='block_1_4' title="bbox 159 2647 1351 3263">
    <p class='ocr_par' dir='ltr' id='par_1_4' title="bbox 159 2647 1351 3263">
     <span class='ocr_line' id='line_1_24' title="bbox 160 2647 1277 2733; baseline -0.001 -20"><span class='ocrx_word' id='word_1_175' title='bbox 160 2647 251 2732; x_wconf 88' lang='lat' dir='ltr'>gerit</span> <span class='ocrx_word' id='word_1_176' title='bbox 278 2648 324 2712; x_wconf 94' lang='lat' dir='ltr'>sit</span> <span class='ocrx_word' id='word_1_177' title='bbox 350 2648 405 2711; x_wconf 92' lang='lat' dir='ltr'>illi</span> <span class='ocrx_word' id='word_1_178' title='bbox 432 2649 574 2715; x_wconf 87' lang='lat' dir='ltr'>libertas</span> <span class='ocrx_word' id='word_1_179' title='bbox 585 2649 607 2712; x_wconf 79' lang='lat'>¹.</span> <span class='ocrx_word' id='word_1_180' title='bbox 654 2649 755 2714; x_wconf 77' lang='lat' dir='ltr'>Certe</span> <span class='ocrx_word' id='word_1_181' title='bbox 786 2649 815 2712; x_wconf 91' lang='lat' dir='ltr'>si</span> <span class='ocrx_word' id='word_1_182' title='bbox 844 2652 924 2733; x_wconf 90' lang='lat' dir='ltr'>post</span> <span class='ocrx_word' id='word_1_183' title='bbox 953 2649 1107 2714; x_wconf 86' lang='lat' dir='ltr'>mulieris</span> <span class='ocrx_word' id='word_1_184' title='bbox 1134 2647 1277 2726; x_wconf 78' lang='lat' dir='ltr'>obitum,</span> 
     </span>
     <span class='ocr_line' id='line_1_25' title="bbox 160 2735 1277 2822; baseline 0.002 -24"><span class='ocrx_word' id='word_1_185' title='bbox 160 2735 311 2800; x_wconf 87' lang='lat' dir='ltr'>filiorum</span> <span class='ocrx_word' id='word_1_186' title='bbox 341 2736 415 2802; x_wconf 89' lang='lat' dir='ltr'>eius</span> <span class='ocrx_word' id='word_1_187' title='bbox 444 2738 640 2802; x_wconf 85' lang='lat' dir='ltr'>adsertione</span> <span class='ocrx_word' id='word_1_188' title='bbox 666 2737 738 2804; x_wconf 88' lang='lat' dir='ltr'>tale</span> <span class='ocrx_word' id='word_1_189' title='bbox 765 2737 864 2802; x_wconf 84' lang='lat' dir='ltr'>nefas</span> <span class='ocrx_word' id='word_1_190' title='bbox 887 2737 996 2801; x_wconf 86' lang='lat' dir='ltr'>fuerit</span> <span class='ocrx_word' id='word_1_191' title='bbox 1018 2737 1277 2822; x_wconf 81' lang='lat' dir='ltr'>conprobatum,</span> 
     </span>
     <span class='ocr_line' id='line_1_26' title="bbox 159 2824 1279 2911; baseline 0 -23"><span class='ocrx_word' id='word_1_192' title='bbox 159 2832 222 2888; x_wconf 89' lang='lat' dir='ltr'>aut</span> <span class='ocrx_word' id='word_1_193' title='bbox 256 2825 286 2888; x_wconf 90' lang='lat' dir='ltr'>si</span> <span class='ocrx_word' id='word_1_194' title='bbox 319 2824 384 2888; x_wconf 89' lang='lat' dir='ltr'>filii</span> <span class='ocrx_word' id='word_1_195' title='bbox 417 2826 556 2904; x_wconf 87' lang='lat' dir='ltr'>desunt,</span> <span class='ocrx_word' id='word_1_196' title='bbox 592 2830 634 2890; x_wconf 81' lang='lat' dir='ltr'>aq</span> <span class='ocrx_word' id='word_1_197' title='bbox 669 2825 871 2911; x_wconf 87' lang='lat' dir='ltr'>propinquis</span> <span class='ocrx_word' id='word_1_198' title='bbox 905 2825 1090 2891; x_wconf 87' lang='lat' dir='ltr'>heredibus</span> <span class='ocrx_word' id='word_1_199' title='bbox 1125 2825 1279 2890; x_wconf 84' lang='lat' dir='ltr'>extiterit</span> 
     </span>
     <span class='ocr_line' id='line_1_27' title="bbox 159 2911 1279 2998; baseline 0.002 -23"><span class='ocrx_word' id='word_1_200' title='bbox 159 2911 264 2976; x_wconf 88' lang='lat' dir='ltr'>huius</span> <span class='ocrx_word' id='word_1_201' title='bbox 293 2914 345 2978; x_wconf 89' lang='lat' dir='ltr'>rei</span> <span class='ocrx_word' id='word_1_202' title='bbox 373 2914 552 2998; x_wconf 85' lang='lat' dir='ltr'>negotium</span> <span class='ocrx_word' id='word_1_203' title='bbox 581 2917 811 2998; x_wconf 79' lang='lat' dir='ltr'>prosecutum,</span> <span class='ocrx_word' id='word_1_204' title='bbox 842 2914 926 2998; x_wconf 91' lang='lat' dir='ltr'>ipsis</span> <span class='ocrx_word' id='word_1_205' title='bbox 953 2913 1112 2977; x_wconf 89' lang='lat' dir='ltr'>similiter</span> <span class='ocrx_word' id='word_1_206' title='bbox 1133 2914 1279 2998; x_wconf 85' lang='lat' dir='ltr'>prevari-</span> 
     </span>
     <span class='ocr_line' id='line_1_28' title="bbox 159 3000 1351 3087; baseline 0.001 -22"><span class='ocrx_word' id='word_1_207' title='bbox 159 3000 270 3065; x_wconf 86' lang='lat' dir='ltr'>catrix</span> <span class='ocrx_word' id='word_1_208' title='bbox 292 3001 418 3066; x_wconf 90' lang='lat' dir='ltr'>mulier</span> <span class='ocrx_word' id='word_1_209' title='bbox 438 3002 599 3066; x_wconf 88' lang='lat' dir='ltr'>tradatur</span> <span class='ocrx_word' id='word_1_210' title='bbox 620 3003 658 3066; x_wconf 91' lang='lat' dir='ltr'>in</span> <span class='ocrx_word' id='word_1_211' title='bbox 679 3005 898 3087; x_wconf 87' lang='lat' dir='ltr'>potestatem,</span> <span class='ocrx_word' id='word_1_212' title='bbox 929 3005 970 3065; x_wconf 87' lang='lat' dir='ltr'>ut</span> <span class='ocrx_word' id='word_1_213' title='bbox 997 3001 1117 3066; x_wconf 89' lang='lat' dir='ltr'>eodem</span> <span class='ocrx_word' id='word_1_214' title='bbox 1139 3001 1276 3079; x_wconf 85' lang='lat' dir='ltr'>iudicio,</span> <span class='ocrx_word' id='word_1_215' title='bbox 1349 3022 1351 3026; x_wconf 77' lang='grc'><strong>’</strong></span> 
     </span>
     <span class='ocr_line' id='line_1_29' title="bbox 159 3088 1278 3174; baseline 0.002 -22"><span class='ocrx_word' id='word_1_216' title='bbox 159 3109 227 3174; x_wconf 86' lang='lat' dir='ltr'>quo</span> <span class='ocrx_word' id='word_1_217' title='bbox 250 3089 375 3154; x_wconf 89' lang='lat' dir='ltr'>mulier</span> <span class='ocrx_word' id='word_1_218' title='bbox 397 3093 573 3156; x_wconf 85' lang='lat' dir='ltr'>contemta</span> <span class='ocrx_word' id='word_1_219' title='bbox 595 3089 772 3168; x_wconf 84' lang='lat' dir='ltr'>debuerat,</span> <span class='ocrx_word' id='word_1_220' title='bbox 804 3091 847 3156; x_wconf 91' lang='lat' dir='ltr'>de</span> <span class='ocrx_word' id='word_1_221' title='bbox 876 3110 1023 3174; x_wconf 90' lang='lat' dir='ltr'>persona</span> <span class='ocrx_word' id='word_1_222' title='bbox 1050 3090 1123 3154; x_wconf 89' lang='lat' dir='ltr'>eius</span> <span class='ocrx_word' id='word_1_223' title='bbox 1150 3088 1278 3173; x_wconf 79' lang='lat' dir='ltr'>absque</span> 
     </span>
     <span class='ocr_line' id='line_1_30' title="bbox 161 3177 1278 3263; baseline 0.001 -23"><span class='ocrx_word' id='word_1_224' title='bbox 161 3177 280 3242; x_wconf 89' lang='lat' dir='ltr'>mortis</span> <span class='ocrx_word' id='word_1_225' title='bbox 302 3177 483 3243; x_wconf 88' lang='lat' dir='ltr'>interitum</span> <span class='ocrx_word' id='word_1_226' title='bbox 506 3179 714 3244; x_wconf 77' lang='lat' dir='ltr'>sententiam</span> <span class='ocrx_word' id='word_1_227' title='bbox 736 3179 861 3244; x_wconf 87' lang='lat' dir='ltr'>ferant.</span> <span class='ocrx_word' id='word_1_228' title='bbox 908 3177 997 3242; x_wconf 82' lang='lat' dir='ltr'>Sane</span> <span class='ocrx_word' id='word_1_229' title='bbox 1022 3178 1103 3261; x_wconf 90' lang='lat' dir='ltr'>quia</span> <span class='ocrx_word' id='word_1_230' title='bbox 1124 3199 1186 3263; x_wconf 91' lang='lat' dir='ltr'>per</span> <span class='ocrx_word' id='word_1_231' title='bbox 1208 3199 1278 3241; x_wconf 91' lang='lat' dir='ltr'>mu-</span> 
     </span>
    </p>
   </div>
   <div class='ocr_carea' id='block_1_5' title="bbox 27 3265 1276 3360">
    <p class='ocr_par' dir='ltr' id='par_1_5' title="bbox 27 3245 1276 3360">
     <span class='ocr_line' id='line_1_31' title="bbox 27 3265 1276 3360; baseline -0.002 -29"><span class='ocrx_word' id='word_1_232' title='bbox 27 3343 30 3360; x_wconf 81' lang='lat'>.</span> <span class='ocrx_word' id='word_1_233' title='bbox 161 3265 261 3330; x_wconf 91' lang='lat' dir='ltr'>lieres</span> <span class='ocrx_word' id='word_1_234' title='bbox 290 3267 396 3331; x_wconf 90' lang='lat' dir='ltr'>etiam</span> <span class='ocrx_word' id='word_1_235' title='bbox 425 3266 528 3330; x_wconf 88' lang='lat' dir='ltr'>huius</span> <span class='ocrx_word' id='word_1_236' title='bbox 557 3266 609 3331; x_wconf 88' lang='lat' dir='ltr'>rei</span> <span class='ocrx_word' id='word_1_237' title='bbox 637 3268 814 3332; x_wconf 88' lang='lat' dir='ltr'>interdum</span> <span class='ocrx_word' id='word_1_238' title='bbox 843 3267 919 3331; x_wconf 90' lang='lat' dir='ltr'>fieri</span> <span class='ocrx_word' id='word_1_239' title='bbox 948 3266 1037 3332; x_wconf 90' lang='lat' dir='ltr'>solet</span> <span class='ocrx_word' id='word_1_240' title='bbox 1066 3266 1276 3344; x_wconf 85' lang='lat' dir='ltr'>scandalum,</span> 
     </span>
    </p>
   </div>
   <div class='ocr_carea' id='block_1_6' title="bbox 160 3354 1278 3528">
    <p class='ocr_par' dir='ltr' id='par_1_6' title="bbox 160 3354 1278 3528">
     <span class='ocr_line' id='line_1_32' title="bbox 161 3354 1278 3441; baseline 0.004 -25"><span class='ocrx_word' id='word_1_241' title='bbox 161 3356 220 3416; x_wconf 77' lang='lat' dir='ltr'>ut¹</span> <span class='ocrx_word' id='word_1_242' title='bbox 247 3354 365 3420; x_wconf 83' lang='lat' dir='ltr'>favore</span> <span class='ocrx_word' id='word_1_243' title='bbox 393 3375 515 3438; x_wconf 85' lang='lat' dir='ltr'>regum</span> <span class='ocrx_word' id='word_1_244' title='bbox 543 3355 599 3421; x_wconf 84' lang='lat' dir='ltr'>vel</span> <span class='ocrx_word' id='word_1_245' title='bbox 628 3356 782 3421; x_wconf 89' lang='lat' dir='ltr'>iudicum</span> <span class='ocrx_word' id='word_1_246' title='bbox 811 3356 903 3420; x_wconf 86' lang='lat' dir='ltr'>viros</span> <span class='ocrx_word' id='word_1_247' title='bbox 932 3355 1087 3441; x_wconf 91' lang='lat' dir='ltr'>proprios</span> <span class='ocrx_word' id='word_1_248' title='bbox 1117 3375 1278 3439; x_wconf 88' lang='lat' dir='ltr'>spernere</span> 
     </span>
     <span class='ocr_line' id='line_1_33' title="bbox 160 3441 1278 3528; baseline 0.001 -23"><span class='ocrx_word' id='word_1_249' title='bbox 160 3441 350 3521; x_wconf 83' lang='lat' dir='ltr'>videantur,</span> <span class='ocrx_word' id='word_1_250' title='bbox 374 3442 452 3508; x_wconf 93' lang='lat' dir='ltr'>ideo</span> <span class='ocrx_word' id='word_1_251' title='bbox 472 3444 520 3506; x_wconf 78' lang='lat' dir='ltr'>si⁸</span> <span class='ocrx_word' id='word_1_252' title='bbox 542 3463 755 3527; x_wconf 90' lang='lat' dir='ltr'>quecumque</span> <span class='ocrx_word' id='word_1_253' title='bbox 771 3443 896 3508; x_wconf 89' lang='lat' dir='ltr'>mulier</span> <span class='ocrx_word' id='word_1_254' title='bbox 911 3443 981 3509; x_wconf 83' lang='lat' dir='ltr'>sive</span> <span class='ocrx_word' id='word_1_255' title='bbox 997 3443 1162 3528; x_wconf 88' lang='lat' dir='ltr'>principis</span> <span class='ocrx_word' id='word_1_256' title='bbox 1178 3461 1278 3527; x_wconf 82' lang='lat' dir='ltr'>opem</span> 
     </span>
    </p>
   </div>
   <div class='ocr_carea' id='block_1_7' title="bbox 27 3527 1278 3615">
    <p class='ocr_par' dir='ltr' id='par_1_7' title="bbox 27 3527 1278 3615">
     <span class='ocr_line' id='line_1_34' title="bbox 27 3527 1278 3615; baseline -0.005 -15"><span class='ocrx_word' id='word_1_257' title='bbox 27 3595 28 3600; x_wconf 73' lang='grc'>,</span> <span class='ocrx_word' id='word_1_258' title='bbox 161 3532 221 3592; x_wconf 89' lang='lat' dir='ltr'>aut</span> <span class='ocrx_word' id='word_1_259' title='bbox 243 3550 458 3614; x_wconf 87' lang='lat' dir='ltr'>quocumque</span> <span class='ocrx_word' id='word_1_260' title='bbox 479 3531 619 3615; x_wconf 85' lang='lat' dir='ltr'>ingenio</span> <span class='ocrx_word' id='word_1_261' title='bbox 643 3552 704 3596; x_wconf 89' lang='lat' dir='ltr'>seu</span> <span class='ocrx_word' id='word_1_262' title='bbox 719 3530 905 3597; x_wconf 90' lang='lat' dir='ltr'>cuiuslibet</span> <span class='ocrx_word' id='word_1_263' title='bbox 920 3527 1067 3595; x_wconf 61' lang='lat' dir='ltr'>auxilio*</span> <span class='ocrx_word' id='word_1_264' title='bbox 1087 3531 1278 3596; x_wconf 88' lang='lat' dir='ltr'>intenderit</span> 
     </span>
    </p>
   </div>
   <div class='ocr_carea' id='block_1_8' title="bbox 130 3617 1278 3697">
    <p class='ocr_par' dir='ltr' id='par_1_8' title="bbox 130 3617 1278 3697">
     <span class='ocr_line' id='line_1_35' title="bbox 130 3617 1278 3697; baseline 0.002 -17"><span class='ocrx_word' id='word_1_265' title='bbox 130 3665 136 3680; x_wconf 95' lang='lat'>.</span> <span class='ocrx_word' id='word_1_266' title='bbox 160 3617 250 3682; x_wconf 88' lang='lat' dir='ltr'>inter</span> <span class='ocrx_word' id='word_1_267' title='bbox 272 3638 308 3684; x_wconf 90' lang='lat' dir='ltr'>se</span> <span class='ocrx_word' id='word_1_268' title='bbox 332 3622 368 3684; x_wconf 90' lang='lat' dir='ltr'>et</span> <span class='ocrx_word' id='word_1_269' title='bbox 390 3619 501 3683; x_wconf 88' lang='lat' dir='ltr'>virum</span> <span class='ocrx_word' id='word_1_270' title='bbox 524 3639 625 3683; x_wconf 90' lang='lat' dir='ltr'>suum</span> <span class='ocrx_word' id='word_1_271' title='bbox 648 3620 835 3684; x_wconf 86' lang='lat' dir='ltr'>divortium</span> <span class='ocrx_word' id='word_1_272' title='bbox 858 3620 942 3697; x_wconf 89' lang='lat' dir='ltr'>fieri,</span> <span class='ocrx_word' id='word_1_273' title='bbox 973 3621 1011 3683; x_wconf 90' lang='lat' dir='ltr'>in</span> <span class='ocrx_word' id='word_1_274' title='bbox 1038 3619 1191 3684; x_wconf 87' lang='lat' dir='ltr'>eiusdem</span> <span class='ocrx_word' id='word_1_275' title='bbox 1212 3619 1278 3683; x_wconf 86' lang='lat' dir='ltr'>viri</span> 
     </span>
    </p>
   </div>
   <div class='ocr_carea' id='block_1_9' title="bbox 28 3707 1277 3792">
    <p class='ocr_par' dir='ltr' id='par_1_9' title="bbox 28 3707 1277 3792">
     <span class='ocr_line' id='line_1_36' title="bbox 28 3707 1277 3792; baseline 0.003 -26"><span class='ocrx_word' id='word_1_276' title='bbox 28 3727 29 3766; x_wconf 58' lang='lat' dir='ltr'><em>z</em></span> <span class='ocrx_word' id='word_1_277' title='bbox 160 3707 323 3770; x_wconf 88' lang='lat' dir='ltr'>continuo</span> <span class='ocrx_word' id='word_1_278' title='bbox 353 3709 526 3791; x_wconf 87' lang='lat' dir='ltr'>potestate</span> <span class='ocrx_word' id='word_1_279' title='bbox 553 3709 703 3786; x_wconf 87' lang='lat' dir='ltr'>redacta,</span> <span class='ocrx_word' id='word_1_280' title='bbox 735 3709 855 3773; x_wconf 89' lang='lat' dir='ltr'>eadem</span> <span class='ocrx_word' id='word_1_281' title='bbox 885 3713 974 3791; x_wconf 80' lang='lat' dir='ltr'>qua¹¹</span> <span class='ocrx_word' id='word_1_282' title='bbox 1000 3707 1156 3792; x_wconf 91' lang='lat' dir='ltr'>superius</span> <span class='ocrx_word' id='word_1_283' title='bbox 1179 3707 1277 3771; x_wconf 89' lang='lat' dir='ltr'>mari-</span> 
     </span>
    </p>
   </div>
   <div class='ocr_carea' id='block_1_10' title="bbox 159 3796 1278 3879">
    <p class='ocr_par' dir='ltr' id='par_1_10' title="bbox 159 3796 1278 3879">
     <span class='ocr_line' id='line_1_37' title="bbox 159 3796 1278 3879; baseline 0.002 -22"><span class='ocrx_word' id='word_1_284' title='bbox 159 3796 255 3857; x_wconf 79' lang='lat' dir='ltr'>tumv</span> <span class='ocrx_word' id='word_1_285' title='bbox 276 3815 367 3878; x_wconf 90' lang='lat' dir='ltr'>pena</span> <span class='ocrx_word' id='word_1_286' title='bbox 390 3796 604 3879; x_wconf 81' lang='lat' dir='ltr'>constringit,</span> <span class='ocrx_word' id='word_1_287' title='bbox 628 3796 684 3862; x_wconf 84' lang='lat' dir='ltr'>vel</span> <span class='ocrx_word' id='word_1_288' title='bbox 707 3817 774 3879; x_wconf 91' lang='lat' dir='ltr'>que</span> <span class='ocrx_word' id='word_1_289' title='bbox 797 3797 840 3860; x_wconf 88' lang='lat' dir='ltr'>de</span> <span class='ocrx_word' id='word_1_290' title='bbox 863 3797 965 3861; x_wconf 90' lang='lat' dir='ltr'>rebus</span> <span class='ocrx_word' id='word_1_291' title='bbox 989 3816 1107 3860; x_wconf 85' lang='lat' dir='ltr'>eorum</span> <span class='ocrx_word' id='word_1_292' title='bbox 1131 3799 1183 3860; x_wconf 86' lang='lat' dir='ltr'>est</span> <span class='ocrx_word' id='word_1_293' title='bbox 1206 3815 1278 3860; x_wconf 90' lang='lat' dir='ltr'>sen·</span> 
     </span>
    </p>
   </div>
   <div class='ocr_carea' id='block_1_11' title="bbox 28 3882 1277 3961">
    <p class='ocr_par' dir='ltr' id='par_1_11' title="bbox 28 3882 1277 3961">
     <span class='ocr_line' id='line_1_38' title="bbox 28 3882 1277 3961; baseline 0.002 -17"><span class='ocrx_word' id='word_1_294' title='bbox 28 3885 29 3888; x_wconf 74' lang='grc'>’</span> <span class='ocrx_word' id='word_1_295' title='bbox 159 3882 269 3946; x_wconf 90' lang='lat' dir='ltr'>tentia</span> <span class='ocrx_word' id='word_1_296' title='bbox 292 3884 491 3961; x_wconf 87' lang='lat' dir='ltr'>constituta,</span> <span class='ocrx_word' id='word_1_297' title='bbox 522 3884 730 3950; x_wconf 72' lang='lat' dir='ltr'>incelerateW</span> <span class='ocrx_word' id='word_1_298' title='bbox 753 3884 907 3950; x_wconf 88' lang='lat' dir='ltr'>mulieris</span> <span class='ocrx_word' id='word_1_299' title='bbox 931 3886 1114 3949; x_wconf 88' lang='lat' dir='ltr'>damnetur</span> <span class='ocrx_word' id='word_1_300' title='bbox 1143 3884 1277 3948; x_wconf 89' lang='lat' dir='ltr'>temeri·</span> 
     </span>
    </p>
   </div>
   <div class='ocr_carea' id='block_1_12' title="bbox 129 3972 1275 4049">
    <p class='ocr_par' dir='ltr' id='par_1_12' title="bbox 129 3972 1275 4049">
     <span class='ocr_line' id='line_1_39' title="bbox 129 3972 1275 4049; baseline 0.003 -17"><span class='ocrx_word' id='word_1_301' title='bbox 129 4009 134 4022; x_wconf 89' lang='lat'><strong>·</strong></span> <span class='ocrx_word' id='word_1_302' title='bbox 159 3972 224 4048; x_wconf 87' lang='lat' dir='ltr'>tas;</span> <span class='ocrx_word' id='word_1_303' title='bbox 250 3991 292 4036; x_wconf 90' lang='lat' dir='ltr'>ea</span> <span class='ocrx_word' id='word_1_304' title='bbox 310 3973 449 4035; x_wconf 86' lang='lat' dir='ltr'>tantum</span> <span class='ocrx_word' id='word_1_305' title='bbox 465 3973 666 4038; x_wconf 91' lang='lat' dir='ltr'>condicione</span> <span class='ocrx_word' id='word_1_306' title='bbox 681 3976 827 4049; x_wconf 87' lang='lat' dir='ltr'>retenta,</span> <span class='ocrx_word' id='word_1_307' title='bbox 851 3976 892 4037; x_wconf 92' lang='lat' dir='ltr'>ut</span> <span class='ocrx_word' id='word_1_308' title='bbox 907 3973 937 4037; x_wconf 94' lang='lat' dir='ltr'>si</span> <span class='ocrx_word' id='word_1_309' title='bbox 952 3972 1106 4037; x_wconf 90' lang='lat' dir='ltr'>mulieris</span> <span class='ocrx_word' id='word_1_310' title='bbox 1121 3972 1275 4048; x_wconf 89' lang='lat' dir='ltr'>maritus,</span> 
     </span>
    </p>
   </div>
   <div class='ocr_carea' id='block_1_13' title="bbox 263 4107 1277 4159">
    <p class='ocr_par' dir='ltr' id='par_1_13' title="bbox 263 4107 1277 4159">
     <span class='ocr_line' id='line_1_40' title="bbox 263 4107 1277 4159; baseline 0.001 -13"><span class='ocrx_word' id='word_1_311' title='bbox 263 4109 287 4158; x_wconf 80' lang='lat' dir='ltr'>y)</span> <span class='ocrx_word' id='word_1_312' title='bbox 301 4107 316 4152; x_wconf 75' lang='grc' dir='ltr'>ἱ.</span> <span class='ocrx_word' id='word_1_313' title='bbox 326 4117 343 4150; x_wconf 83' lang='lat' dir='ltr'>e.</span> <span class='ocrx_word' id='word_1_314' title='bbox 356 4107 428 4157; x_wconf 82' lang='lat' dir='ltr'>iuxta,</span> <span class='ocrx_word' id='word_1_315' title='bbox 442 4109 499 4158; x_wconf 76' lang='lat' dir='ltr'>quod</span> <span class='ocrx_word' id='word_1_316' title='bbox 508 4109 601 4158; x_wconf 70' lang='lat' dir='ltr'>praete</span> <span class='ocrx_word' id='word_1_317' title='bbox 614 4109 661 4152; x_wconf 74' lang='lat'>122.</span> <span class='ocrx_word' id='word_1_318' title='bbox 704 4111 724 4157; x_wconf 76' lang='lat' dir='ltr'>a)</span> <span class='ocrx_word' id='word_1_319' title='bbox 738 4119 857 4158; x_wconf 77' lang='lat' dir='ltr'>personam</span> <span class='ocrx_word' id='word_1_320' title='bbox 871 4109 918 4152; x_wconf 88' lang='lat'>121.</span> <span class='ocrx_word' id='word_1_321' title='bbox 965 4111 987 4157; x_wconf 78' lang='lat' dir='ltr'>a)</span> <span class='ocrx_word' id='word_1_322' title='bbox 1000 4109 1016 4152; x_wconf 77' lang='lat' dir='ltr'>t.</span> <span class='ocrx_word' id='word_1_323' title='bbox 1025 4119 1042 4152; x_wconf 81' lang='lat' dir='ltr'>e.</span> <span class='ocrx_word' id='word_1_324' title='bbox 1056 4112 1209 4159; x_wconf 58' lang='lat' dir='ltr'>contemptam</span> <span class='ocrx_word' id='word_1_325' title='bbox 1224 4119 1277 4148; x_wconf 90' lang='lat' dir='ltr'>cou-</span> 
     </span>
    </p>
   </div>
   <div class='ocr_carea' id='block_1_14' title="bbox 29 4117 1266 4210">
    <p class='ocr_par' dir='ltr' id='par_1_14' title="bbox 29 4117 1266 4210">
     <span class='ocr_line' id='line_1_41' title="bbox 29 4117 1266 4210; baseline 0.001 -11"><span class='ocrx_word' id='word_1_326' title='bbox 29 4117 30 4158; x_wconf 31' lang='grc' dir='ltr'><strong>ἶ</strong></span> <span class='ocrx_word' id='word_1_327' title='bbox 160 4161 287 4202; x_wconf 77' lang='lat' dir='ltr'>temte122.</span> <span class='ocrx_word' id='word_1_328' title='bbox 347 4160 371 4210; x_wconf 90' lang='lat' dir='ltr'>b)</span> <span class='ocrx_word' id='word_1_329' title='bbox 386 4159 512 4210; x_wconf 80' lang='lat' dir='ltr'>dispectum</span> <span class='ocrx_word' id='word_1_330' title='bbox 525 4163 572 4204; x_wconf 74' lang='lat'>122.</span> <span class='ocrx_word' id='word_1_331' title='bbox 630 4164 650 4210; x_wconf 92' lang='lat' dir='ltr'>c)</span> <span class='ocrx_word' id='word_1_332' title='bbox 665 4160 795 4202; x_wconf 79' lang='lat' dir='ltr'>vindicatur</span> <span class='ocrx_word' id='word_1_333' title='bbox 807 4162 855 4205; x_wconf 86' lang='lat'>121.</span> <span class='ocrx_word' id='word_1_334' title='bbox 915 4160 939 4210; x_wconf 86' lang='lat' dir='ltr'>d)</span> <span class='ocrx_word' id='word_1_335' title='bbox 953 4161 1088 4202; x_wconf 74' lang='lat' dir='ltr'>scribturam</span> <span class='ocrx_word' id='word_1_336' title='bbox 1101 4161 1149 4204; x_wconf 72' lang='grc' dir='ltr'>ΒΞ.</span> <span class='ocrx_word' id='word_1_337' title='bbox 1202 4163 1224 4209; x_wconf 87' lang='lat' dir='ltr'>e)</span> <span class='ocrx_word' id='word_1_338' title='bbox 1237 4171 1266 4200; x_wconf 84' lang='lat' dir='ltr'>ex</span> 
     </span>
    </p>
   </div>
   <div class='ocr_carea' id='block_1_15' title="bbox 158 4180 1277 4318">
    <p class='ocr_par' dir='ltr' id='par_1_15' title="bbox 158 4180 1277 4318">
     <span class='ocr_line' id='line_1_42' title="bbox 158 4180 1277 4264; baseline 0.005 -14"><span class='ocrx_word' id='word_1_339' title='bbox 158 4213 241 4261; x_wconf 70' lang='lat' dir='ltr'>negarit</span> <span class='ocrx_word' id='word_1_340' title='bbox 254 4212 302 4256; x_wconf 72' lang='lat' dir='ltr'>nt.</span> <span class='ocrx_word' id='word_1_341' title='bbox 341 4213 478 4264; x_wconf 70' lang='lat' dir='ltr'>nexelgens</span> <span class='ocrx_word' id='word_1_342' title='bbox 491 4215 538 4257; x_wconf 79' lang='lat'>122.</span> <span class='ocrx_word' id='word_1_343' title='bbox 578 4217 601 4264; x_wconf 70' lang='lat' dir='ltr'>g)</span> <span class='ocrx_word' id='word_1_344' title='bbox 615 4226 709 4256; x_wconf 87' lang='lat' dir='ltr'>uxorem</span> <span class='ocrx_word' id='word_1_345' title='bbox 721 4216 769 4258; x_wconf 74' lang='lat'>121.</span> <span class='ocrx_word' id='word_1_346' title='bbox 809 4215 833 4263; x_wconf 90' lang='lat' dir='ltr'>b)</span> <span class='ocrx_word' id='word_1_347' title='bbox 847 4212 958 4255; x_wconf 76' lang='lat' dir='ltr'>adsumslt</span> <span class='ocrx_word' id='word_1_348' title='bbox 971 4216 1018 4258; x_wconf 88' lang='lat'>121.</span> <span class='ocrx_word' id='word_1_349' title='bbox 1058 4215 1075 4263; x_wconf 92' lang='lat' dir='ltr'>l)</span> <span class='ocrx_word' id='word_1_350' title='bbox 1088 4214 1216 4254; x_wconf 67' lang='lat' dir='ltr'>curvatione</span> <span class='ocrx_word' id='word_1_351' title='bbox 1229 4180 1277 4256; x_wconf 51' lang='lat'>121:</span> 
     </span>
     <span class='ocr_line' id='line_1_43' title="bbox 159 4263 1276 4318; baseline 0.004 -14"><span class='ocrx_word' id='word_1_352' title='bbox 159 4263 182 4312; x_wconf 80' lang='lat' dir='ltr'>k)</span> <span class='ocrx_word' id='word_1_353' title='bbox 194 4266 336 4315; x_wconf 70' lang='lat' dir='ltr'>suppressam</span> <span class='ocrx_word' id='word_1_354' title='bbox 349 4267 396 4309; x_wconf 74' lang='lat'>122.</span> <span class='ocrx_word' id='word_1_355' title='bbox 470 4268 487 4316; x_wconf 94' lang='lat' dir='ltr'>l)</span> <span class='ocrx_word' id='word_1_356' title='bbox 500 4266 628 4318; x_wconf 73' lang='lat' dir='ltr'>coniugium</span> <span class='ocrx_word' id='word_1_357' title='bbox 641 4269 689 4311; x_wconf 74' lang='lat' dir='ltr'>Bt.</span> <span class='ocrx_word' id='word_1_358' title='bbox 762 4268 974 4318; x_wconf 75' lang='lat' dir='ltr'>m)ccpuleut122.</span> <span class='ocrx_word' id='word_1_359' title='bbox 1053 4269 1078 4315; x_wconf 90' lang='lat' dir='ltr'>u)</span> <span class='ocrx_word' id='word_1_360' title='bbox 1092 4265 1216 4308; x_wconf 81' lang='lat' dir='ltr'>dlueacltur</span> <span class='ocrx_word' id='word_1_361' title='bbox 1229 4267 1276 4308; x_wconf 86' lang='lat'>121.</span> 
     </span>
    </p>
   </div>
   <div class='ocr_carea' id='block_1_16' title="bbox 29 4307 1276 4424">
    <p class='ocr_par' dir='ltr' id='par_1_16' title="bbox 29 4307 1276 4424">
     <span class='ocr_line' id='line_1_44' title="bbox 29 4307 1276 4374; baseline 0.003 -17"><span class='ocrx_word' id='word_1_362' title='bbox 29 4307 30 4374; x_wconf 53' lang='lat' dir='ltr'>l</span> <span class='ocrx_word' id='word_1_363' title='bbox 159 4319 241 4365; x_wconf 80' lang='lat' dir='ltr'>c)vita</span> <span class='ocrx_word' id='word_1_364' title='bbox 255 4324 343 4360; x_wconf 76' lang='lat' dir='ltr'>tantum</span> <span class='ocrx_word' id='word_1_365' title='bbox 357 4330 462 4360; x_wconf 77' lang='lat' dir='ltr'>concesse</span> <span class='ocrx_word' id='word_1_366' title='bbox 477 4320 524 4364; x_wconf 71' lang='lat' dir='ltr'>aa.</span> <span class='ocrx_word' id='word_1_367' title='bbox 604 4324 628 4371; x_wconf 89' lang='lat' dir='ltr'>p)</span> <span class='ocrx_word' id='word_1_368' title='bbox 646 4332 674 4362; x_wconf 79' lang='lat' dir='ltr'>ea</span> <span class='ocrx_word' id='word_1_369' title='bbox 687 4322 734 4366; x_wconf 71' lang='grc' dir='ltr'>ΒΞ,</span> <span class='ocrx_word' id='word_1_370' title='bbox 814 4319 945 4374; x_wconf 79' lang='lat' dir='ltr'>q)ad121.</span> <span class='ocrx_word' id='word_1_371' title='bbox 1026 4323 1046 4369; x_wconf 89' lang='lat' dir='ltr'>r)</span> <span class='ocrx_word' id='word_1_372' title='bbox 1062 4321 1216 4360; x_wconf 71' lang='lat' dir='ltr'>astruerem</span> <span class='ocrx_word' id='word_1_373' title='bbox 1229 4320 1276 4361; x_wconf 90' lang='lat'>121.</span> 
     </span>
     <span class='ocr_line' id='line_1_45' title="bbox 29 4372 1219 4424; baseline 0.006 -16"><span class='ocrx_word' id='word_1_374' title='bbox 29 4385 31 4422; x_wconf 68' lang='lat'>;</span> <span class='ocrx_word' id='word_1_375' title='bbox 158 4373 177 4419; x_wconf 76' lang='lat' dir='ltr'>a)</span> <span class='ocrx_word' id='word_1_376' title='bbox 190 4372 246 4412; x_wconf 77' lang='lat' dir='ltr'>decet</span> <span class='ocrx_word' id='word_1_377' title='bbox 259 4372 307 4416; x_wconf 72' lang='lat'>122.</span> <span class='ocrx_word' id='word_1_378' title='bbox 361 4375 379 4422; x_wconf 85' lang='lat' dir='ltr'>t)</span> <span class='ocrx_word' id='word_1_379' title='bbox 393 4374 461 4413; x_wconf 76' lang='lat' dir='ltr'>auxio</span> <span class='ocrx_word' id='word_1_380' title='bbox 476 4374 523 4417; x_wconf 89' lang='lat'>121.</span> <span class='ocrx_word' id='word_1_381' title='bbox 576 4375 718 4424; x_wconf 73' lang='lat' dir='ltr'>u)qu0122.</span> <span class='ocrx_word' id='word_1_382' title='bbox 772 4377 797 4423; x_wconf 80' lang='lat' dir='ltr'>r)</span> <span class='ocrx_word' id='word_1_383' title='bbox 810 4375 891 4415; x_wconf 78' lang='lat' dir='ltr'>marito</span> <span class='ocrx_word' id='word_1_384' title='bbox 905 4375 952 4417; x_wconf 78' lang='lat'>122.</span> <span class='ocrx_word' id='word_1_385' title='bbox 1005 4375 1036 4422; x_wconf 84' lang='lat' dir='ltr'>w)</span> <span class='ocrx_word' id='word_1_386' title='bbox 1049 4373 1158 4414; x_wconf 74' lang='lat' dir='ltr'>scelerate</span> <span class='ocrx_word' id='word_1_387' title='bbox 1172 4373 1219 4415; x_wconf 72' lang='grc' dir='ltr'>ΒΞ.</span> 
     </span>
    </p>
   </div>
   <div class='ocr_carea' id='block_1_17' title="bbox 29 4475 512 4546">
    <p class='ocr_par' dir='ltr' id='par_1_17' title="bbox 29 4443 512 4580">
     <span class='ocr_line' id='line_1_46' title="bbox 29 4475 512 4546; baseline 0.008 -16"><span class='ocrx_word' id='word_1_388' title='bbox 29 4519 31 4542; x_wconf 65' lang='grc'>,</span> <span class='ocrx_word' id='word_1_389' title='bbox 159 4475 185 4542; x_wconf 91' lang='lat'>1)</span> <span class='ocrx_word' id='word_1_390' title='bbox 201 4476 244 4542; x_wconf 77' lang='lat' dir='ltr'>os.</span> <span class='ocrx_word' id='word_1_391' title='bbox 262 4493 348 4546; x_wconf 70' lang='lat' dir='ltr'>apra</span> <span class='ocrx_word' id='word_1_392' title='bbox 366 4477 422 4544; x_wconf 74' lang='grc' dir='ltr'>ιιι,</span> <span class='ocrx_word' id='word_1_393' title='bbox 441 4479 467 4545; x_wconf 82' lang='lat'>4,</span> <span class='ocrx_word' id='word_1_394' title='bbox 487 4481 512 4534; x_wconf 87' lang='lat' dir='ltr'>e.</span> 
     </span>
    </p>
   </div>
   <div class='ocr_carea' id='block_1_18' title="bbox 0 0 1614 5202">
    <p class='ocr_par' dir='ltr' id='par_1_18' title="bbox 0 0 1614 5202">
     <span class='ocr_line' id='line_1_47' title="bbox 0 0 1614 5202; baseline 0 1"><span class='ocrx_word' id='word_1_395' title='bbox 0 0 1614 5202; x_wconf 95' lang='lat' dir='ltr'> </span> 
     </span>
    </p>
   </div>
  </div>
 </body>
</html>
