3218 5202
305 566 357 622 118
521 559 599 618 LEX
617 562 733 620 VISIG.
752 561 1021 620 saecnssvmn.
1058 561 1113 632 111,
1132 567 1158 633 6,
1175 567 1202 620 2.

304 751 369 825 est,
401 750 532 830 quanto
561 747 670 830 magis
699 746 762 809 illa
792 748 1045 822 contemnere⁸,
1077 767 1179 829 quam
1210 750 1332 830 sponte
1362 767 1426 811 sua

302 836 537 919 unusquisque
560 827 821 919 possidendamh
850 834 992 897 sortitus
1016 833 1093 898 est?
1138 832 1227 912 Quia
1250 855 1333 918 ergo
1357 835 1426 918 ple

303 943 426 1007 rosque
464 927 537 987 tam
576 923 760 1007 precipites
799 921 907 986 habet
943 921 998 988 vel
1037 942 1152 986 rerum
1192 923 1335 987 ambitio
1369 924 1425 988 rel

304 1011 474 1076 effrenata
503 1011 626 1088 libido,
657 1014 697 1074 ut
726 1011 876 1093 quadam
905 1010 1043 1088 fraude,
1077 1011 1301 1094 coniugibus⁰
1330 1007 1422 1075 suis‘l

303 1101 462 1184 spretis⁰‚
487 1100 572 1163 alias
594 1099 778 1164 videantur
799 1118 922 1163 uxores
946 1093 1142 1182 adpetered,
1167 1099 1426 1164 constitutionis

303 1181 428 1252 hmusf
446 1192 500 1253 est
522 1188 720 1272 perenniter
738 1187 850 1250 forma
865 1187 1042 1264 servanda,
1066 1190 1107 1250 ut
1129 1188 1247 1252 nullus
1261 1188 1424 1266 virorum,

303 1280 447 1360 excepta
469 1277 655 1341 manifesta
676 1275 916 1340 fornicationis
939 1294 1052 1353 causa,
1080 1296 1221 1341 uxorem
1244 1295 1342 1340 suam
1365 1277 1425 1340 ali-

303 1365 440 1448 quando
463 1365 638 1448 relinquat
661 1367 697 1428 et
719 1383 831 1447 neque
853 1383 915 1448 per
937 1367 1063 1430 testem
1077 1384 1189 1447 neque
1204 1385 1267 1448 per
1282 1365 1425 1450 scriptu·

303 1473 376 1516 ram
392 1473 453 1518 sen
468 1454 531 1518 sub
548 1473 762 1537 quocumque
779 1455 983 1535 argumento
997 1453 1112 1517 facere
1129 1452 1315 1517 divortium
1333 1455 1427 1518 inter

303 1561 339 1606 se
363 1544 399 1606 et
422 1562 518 1605 suam
537 1541 719 1625 coniugem
734 1541 873 1606 audeat.
919 1540 1014 1605 Sedss
1039 1541 1069 1604 si
1092 1534 1308 1605 adulteramll
1326 1543 1425 1606 mari-

302 1632 360 1694 tus
388 1630 514 1695 dixerit
541 1630 688 1695 fortasse
715 1629 1000 1713 redarguendam,
1029 1629 1127 1694 iuxta
1152 1629 1265 1714 legem
1289 1629 1423 1707 aliaml,

302 1719 376 1869 pius
407 1718 562 1869 {amerii
574 1711 733 1869 idscelere¹
763 1712 1426 1872 (cionplrobatto,·taflilri1dicpes{lg{¹gepiti-

320 1827 384 1883 am,
426 1827 524 1871 acren
602 1826 678 1870 eea
693 1826 761 1890 quo
799 1826 843 1870 ro
858 1825 933 1870 nerr
972 1826 1002 1870 sr
1118 1826 1162 1890 po
1200 1826 1216 1870 s
1273 1853 1280 1868 .
1349 1827 1369 1871 e
1405 1828 1425 1872 e

303 1895 333 1958 si
356 1895 585 1959 conversionis
609 1894 653 1958 ad
677 1894 790 1958 Deum
813 1891 985 1958 volumtas
1013 1895 1178 1972 extiterit,
1207 1915 1425 1960 communem

303 1983 485 2047 adsensum
518 1983 583 2046 riri
621 1982 753 2048 scilicet
788 1985 824 2047 et
858 1983 1012 2048 mulieris
1049 1983 1207 2048 sacerdos
1245 1983 1424 2048 evidenter

303 2073 476 2154 agnoscat,
507 2074 549 2134 ut
569 2071 704 2135 nullam
727 2072 946 2156 postmodnm
969 2071 1113 2136 cuilibet
1136 2092 1256 2136 eornm
1278 2072 1323 2136 ad
1346 2093 1424 2137 con-

302 2159 454 2242 iugalem
484 2159 587 2223 aliam
615 2159 775 2244 copulam
801 2160 998 2224 revertendi
1020 2159 1195 2224 excusatio
1217 2159 1422 2226 intercedat.

304 2245 405 2325 Quod
428 2248 457 2311 si
480 2247 582 2312 aliter
609 2249 752 2331 quisque
779 2268 921 2313 uxorem
949 2268 1046 2312 suam
1072 2267 1237 2333 spernens
1263 2269 1423 2332 quaeum·

303 2329 387 2418 que¹
418 2335 611 2401 calliditate
640 2337 846 2420 scripturam
875 2336 919 2400 ab
950 2356 1003 2413 ea,
1035 2337 1102 2401 sibi
1131 2337 1267 2420 suisque
1294 2337 1424 2401 volum·

303 2424 436 2488 tatibus
451 2425 680 2509 profuturam,
700 2425 856 2508 exigerit,
879 2445 950 2489 non
965 2425 1078 2489 solum
1091 2425 1231 2490 talemm
1245 2426 1424 2489 vinculum

304 2513 508 2596 quandoque
537 2517 737 2598 reppertum
764 2513 854 2576 nihil
883 2513 1023 2578 omnino
1046 2513 1241 2578 firmitatis¹¹
1268 2514 1422 2591 habebit,

304 2601 384 2665 sed⁰
412 2601 533 2666 eadem
555 2602 680 2666 mulier
701 2605 775 2666 tam
797 2601 1028 2667 facultatem?
1055 2621 1152 2666 suam
1179 2622 1282 2686 quam
1305 2602 1423 2667 dotem

303 2689 347 2753 ab
377 2689 452 2773 ipso
479 2691 553 2754 viro
581 2694 758 2774 acceptam
788 2690 855 2754 sibi
883 2690 921 2752 in
948 2690 1107 2754 omnibus
1129 2691 1330 2755 vindicabit.
1377 2690 1424 2754 Et

303 2778 332 2840 si
348 2779 431 2861 quid
447 2778 536 2842 aliut
550 2779 731 2842 facultatis
747 2778 900 2842 ciusdem
916 2779 1055 2862 pessimi
1068 2779 1135 2843 viri
1150 2779 1266 2856 fuerit,
1288 2780 1424 2844 cunetis

303 2886 421 2930 corum
451 2866 532 2930 filiis
562 2867 606 2930 ad
635 2867 810 2950 integrum
840 2867 1038 2951 pertinebit.
1085 2865 1186 2945 Quod
1210 2868 1239 2930 si
1262 2871 1324 2930 ant
1346 2888 1423 2932 con·

303 2975 423 3019 munes
446 2955 510 3018 filii
533 2959 595 3018 aut
618 2955 771 3020 eiusdem
791 2955 858 3020 viri
881 2976 923 3020 ex
948 2954 1107 3039 coniugio
1130 2955 1330 3040 precedenti
1352 2976 1424 3020 non

302 3043 444 3121 fuerint,
475 3044 670 3108 universam
691 3044 758 3108 viri
779 3043 985 3108 facultatem
1014 3043 1148 3121 mulier,
1180 3064 1246 3127 que
1277 3065 1338 3128 per
1367 3065 1424 3110 ne·

303 3131 448 3213 quitiam
477 3132 572 3195 illius
596 3153 617 3195 a
640 3132 800 3215 coniugio
826 3132 980 3197 resoluta
1009 3135 1070 3209 est,
1101 3133 1344 3198 incunctanter
1367 3153 1424 3217 po·

302 3220 386 3283 terit
409 3220 574 3297 obtinere,
599 3223 636 3284 et
658 3221 748 3285 hanc
772 3221 1035 3298 accusationem,
1067 3221 1096 3284 si
1119 3221 1319 3286 mulierem(l
1347 3241 1424 3286 con·

303 3308 432 3372 stiterit
465 3307 612 3372 fortasse
646 3309 861 3384 defunctam,
901 3309 974 3373 eius
1009 3308 1073 3372 filii
1107 3309 1143 3372 in
1178 3309 1423 3393 cuiuscumque

302 3395 477 3460 voluerint
511 3397 727 3480 proponendi
754 3397 883 3461 iudicio
913 3397 1091 3462 licentiam
1120 3397 1276 3462 habituri
1304 3401 1422 3475 sunt‘,

303 3487 378 3560 ut⁸,
409 3487 569 3568 repperto
598 3485 664 3548 tali
693 3485 849 3562 crimine,
880 3485 932 3550 vir
961 3486 1082 3569 utique
1112 3486 1216 3550 huius
1245 3483 1417 3551 iscclerist

304 3571 390 3635 stius
420 3571 507 3655 legis
534 3573 702 3637 multetur
725 3574 936 3638 sententiar.
982 3573 1029 3637 lit
1056 3574 1215 3638 omnibus
1242 3574 1332 3652 filiis,
1362 3595 1424 3639 seu

304 3680 345 3723 ex
369 3660 489 3724 eodem
516 3661 592 3744 pari
615 3662 784 3746 coniugio,
815 3662 886 3726 sive
917 3683 958 3727 ex
988 3663 1187 3746 precedenti
1216 3663 1324 3747 ipsius
1346 3663 1421 3740 viri,

303 3750 344 3810 nt
367 3748 524 3826 diximus,
551 3749 747 3834 procreatis,
772 3750 941 3833 equaliter
963 3750 1113 3814 facultas
1137 3751 1210 3815 eius
1233 3750 1424 3815 obtinenda

304 3840 469 3920 patescat.
517 3836 618 3902 Oerte
642 3838 671 3901 si
693 3843 782 3903 necv
810 3859 1006 3904 communes
1036 3839 1101 3902 filii
1127 3859 1190 3903 nec
1219 3860 1260 3903 ex
1287 3839 1423 3924 prioriw

303 3925 411 4008 ipsius
440 3925 505 3988 riri
535 3926 694 4009 coniugio
724 3927 834 4010 geniti
864 3930 1058 4011 suprestes¹
1091 3928 1284 4004 extiterint,
1316 3931 1352 3992 et
1383 3948 1424 3992 ea

303 4013 461 4076 forsitam
477 4013 610 4091 mulier,
635 4034 701 4097 que
715 4015 839 4080 relicta
853 4018 915 4093 est,
940 4036 982 4080 ex
1004 4016 1111 4100 priori
1134 4016 1238 4100 digno
1262 4017 1422 4100 coniugio

411 4151 433 4198 a)
446 4147 584 4191 contendere
598 4151 645 4194 131.
715 4151 740 4204 b)
753 4149 914 4202 possidendum
927 4153 974 4196 121.
1041 4155 1062 4202 c)
1076 4152 1164 4202 iugibus
1178 4152 1226 4195 121.
1298 4150 1323 4202 d)
1336 4153 1383 4193 suis
1397 4173 1423 4182 -

304 4199 412 4252 adpetere
426 4202 469 4245 dee.
483 4204 530 4245 121.
584 4206 605 4252 e)
619 4205 652 4242 ita
665 4203 697 4254 E,·
716 4205 810 4254 precisis
825 4205 872 4247 aa.
932 4207 1021 4254 ndeest
1034 4205 1081 4248 Bi.
1141 4207 1164 4256 g)
1179 4211 1203 4246 et
1216 4207 1262 4248 Bl.
1321 4206 1345 4256 h)
1360 4203 1423 4246 adul-

306 4255 386 4295 terium
401 4255 448 4298 121.
502 4257 518 4306 i)
532 4257 617 4297 scelere
631 4258 677 4300 Rs.
731 4258 755 4306 k)
769 4259 886 4301 deestRI.
938 4259 956 4306 1)
969 4259 994 4298 ln
1008 4269 1029 4308 q.
1043 4259 1090 4301 Bi.
1144 4259 1175 4311 m)
1189 4259 1234 4300 tale
1248 4259 1295 4303 aa.
1349 4259 1423 4309 n)flr-

305 4308 444 4350 mltatch.
511 4311 702 4358 o)exacld.R1.
769 4311 793 4363 p)
806 4311 915 4351 facultate
928 4313 976 4354 ΕΙ.
1044 4311 1221 4361 vmuderlfl.
1283 4314 1303 4361 r)
1316 4312 1422 4354 eiutRl.

305 4363 324 4409 s)
338 4363 460 4403 ntetRl.
515 4365 532 4411 t)
546 4364 637 4404 sceleris
651 4364 717 4404 istius
731 4363 778 4406 aa.
831 4366 855 4412 u)
869 4365 1006 4404 sententiam
1020 4369 1046 4405 ut
1059 4376 1105 4414 pro
1119 4376 1137 4408 s.
1151 4365 1242 4408 sitm.
1295 4367 1319 4414 r)
1333 4377 1363 4406 ne
1377 4365 1423 4408 Bl.

305 4416 334 4462 w)
348 4414 430 4463 prioris
444 4416 491 4458 131.
544 4419 568 4465 x)
582 4421 726 4467 supresentes
741 4418 788 4466 121,
803 4417 841 4456 abi
854 4420 918 4458 entes
933 4419 962 4460 al.
975 4429 1004 4461 m.
1013 4422 1066 4467 post
1080 4419 1144 4468 add.,·
1161 4418 1353 4468 suppresserat.

306 4520 332 4587 1)
349 4521 391 4585 Cf.
410 4537 495 4589 supra
512 4522 568 4588 III,
587 4524 614 4588 4,
634 4525 659 4577 3.
