3264 5206
136 2319 159 2356 (1.

34 2499 160 2546 ,a

137 2675 161 2710 a.

398 511 475 566 Lux
492 513 608 572 VISIG.
626 513 896 571 REOCESSVIND.
932 513 1003 583 ΠΗ,
1021 518 1085 582 5,1.
1252 518 1303 571 139

185 698 295 781 perire
312 717 382 759 non
398 696 511 774 debet,
537 701 598 761 aut
621 697 790 761 naturalis
806 697 916 780 pietas
940 698 1171 780 suspendatur
1187 713 1207 760 a
1222 696 1303 761 filiis

184 784 238 849 vel
261 785 455 869 nepotibus,
480 806 583 868 quam
606 786 696 850 circa
719 806 776 852 eos
800 786 949 850 exerceri
970 789 1194 869 conpetenter
1209 807 1303 870 opor·

184 877 250 938 tet:
282 873 361 938 ideo
389 874 556 957 abrogata
585 873 672 957 legis
699 874 794 938 illius
822 874 1004 950 sententia,
1035 895 1103 957 qua
1126 877 1225 958 pater
1247 875 1303 938 vel

185 965 295 1026 mater
322 966 383 1026 aut
406 982 489 1027 avus
512 963 582 1026 sive
606 964 683 1027 avia
710 963 747 1025 in
771 966 969 1027 extraneam
992 982 1173 1046 personam
1195 962 1303 1027 facul·

184 1054 293 1114 tatem
312 1071 410 1114 suam
426 1051 591 1128 conferre,
616 1052 645 1114 si
667 1051 866 1128 voluissent,
891 1055 1100 1136 potestatem
1123 1051 1301 1127 haberent,

184 1138 239 1202 vel
263 1139 368 1203 etiam
391 1139 434 1204 de
458 1141 539 1204 dote
562 1160 625 1203 sua
646 1139 761 1204 facere
784 1140 909 1204 mulier
937 1141 1029 1222 quod
1056 1139 1242 1222 helegisset
1266 1141 1303 1203 in

185 1226 328 1291 arbitrio
357 1248 419 1291 suo
450 1230 666 1305 consisteret,
699 1231 772 1292 sta⁰
800 1229 909 1311 magis
939 1232 1094 1292 servetur
1122 1249 1142 1291 a
1170 1229 1303 1292 cunctis

185 1317 362 1379 moderata
385 1336 537 1392 censura,
567 1337 634 1399 qua
657 1337 720 1380 nec
744 1316 944 1400 parentibus
967 1316 1022 1381 vel
1046 1310 1151 1380 aviisf
1178 1317 1302 1380 adima-

184 1408 242 1466 tur
269 1405 447 1469 iudicandi
475 1405 517 1469 de
545 1404 647 1470 rebus
675 1405 745 1468 suis
773 1425 814 1469 ex
840 1409 917 1469 toto
944 1405 1095 1481 licentia,
1127 1425 1190 1469 nec
1214 1405 1303 1468 filios

186 1497 245 1556 aut
269 1497 411 1576 nepotes
435 1514 456 1557 a
474 1494 686 1558 successione
703 1514 843 1558 avorum
858 1493 914 1557 vel
929 1494 1125 1577 genitorum
1142 1514 1183 1557 ex
1198 1494 1302 1556 omni·

185 1581 247 1644 bus
270 1581 418 1665 repellat
440 1582 627 1646 indiscreta
642 1582 823 1646 volumtas.
859 1581 973 1664 Igitur
995 1586 1095 1666 pater
1110 1581 1165 1646 vel
1181 1585 1301 1658 mater,

185 1690 267 1733 avus
294 1669 351 1733 vel
380 1671 469 1748 avia,
501 1670 624 1752 quibus
654 1671 848 1754 quempiam
877 1669 1025 1734 filiorum
1052 1670 1107 1734 vel
1137 1674 1302 1753 nepotum

185 1759 390 1822 meliorandi
405 1760 576 1823 volumtas
593 1762 654 1836 est,
674 1761 764 1822 hanc
781 1763 917 1823 servent
933 1759 1071 1822 omnino
1088 1765 1301 1836 censuramss,

36 1845 37 1852 ’
153 1902 158 1914 ,
185 1850 224 1909 ut
246 1866 349 1930 super
365 1847 531 1912 decimam
555 1851 689 1931 partem
711 1867 825 1911 rerum
849 1867 987 1910 suarum
1011 1846 1198 1910 melioratis
1222 1847 1302 1911 filiis

186 1938 245 1998 aut
275 1935 412 1999 filiabus
442 1935 498 2001 vel
527 1936 711 2020 nepotibus
746 1940 850 2018 atque
879 1935 1042 2020 neptibus
1072 1955 1114 1999 ex
1144 1936 1302 2000 omnibus

184 2023 286 2087 rebus
316 2025 386 2087 suis
417 2025 564 2108 amplius
594 2023 684 2088 nihil
715 2024 928 2108 inpendantl
957 2044 1068 2107 neque
1098 2024 1303 2088 facultatem

186 2133 282 2175 suam
310 2133 352 2176 ex
373 2112 533 2177 omnibus
562 2114 599 2175 in
629 2116 827 2177 extraneam
856 2133 1037 2196 personam
1063 2114 1301 2187 transducant,

185 2201 252 2263 nisi
277 2201 424 2265 fortasse
452 2202 657 2285 provenerit,
689 2221 746 2265 eos
774 2201 947 2284 legitimos
971 2201 1060 2265 filios
1083 2201 1138 2265 vel
1160 2206 1303 2284 nepotes

185 2309 254 2352 non
284 2290 410 2354 habere
440 2294 623 2374 snprestes.
678 2290 767 2354 Sane
796 2291 826 2354 si
854 2289 943 2354 filios
973 2290 1044 2354 sive
1073 2293 1216 2373 nepotes
1246 2291 1303 2353 ha-

185 2377 307 2442 bentes
343 2378 495 2442 ecclesiis
524 2379 580 2443 vel
614 2377 747 2443 libertis
782 2382 844 2442 aut
878 2378 1002 2460 quibus
1037 2376 1230 2461 elegerint*
1260 2379 1303 2442 de

179 2466 355 2535 ,facultate
382 2488 445 2530 sua
471 2467 640 2550 largiendi
663 2467 891 2532 volumtatem
914 2467 1110 2542 habuerint,
1143 2467 1185 2531 de
1209 2468 1303 2549 quin·

186 2559 258 2618 tam
286 2559 426 2618 tantum
455 2559 590 2639 partem
619 2556 796 2620 iudicandi
825 2558 977 2640 potestas
1007 2555 1077 2618 illis
1105 2555 1304 2619 indubitata

187 2645 339 2708 manebit
350 2645 371 2707 ².
422 2643 663 2708 Elxheredare3
692 2646 808 2708 autem
838 2644 927 2708 filios
957 2648 1018 2707 aut
1048 2650 1191 2727 nepotes
1221 2644 1304 2707 licet

187 2753 247 2814 pro
282 2725 377 2796 lebih
412 2733 514 2817 culpa
547 2732 721 2796 inlicitum
755 2733 824 2796 iam
856 2732 958 2796 dictis
991 2731 1192 2815 parentibus
1226 2732 1301 2809 erit,

186 2819 387 2902 flagellandi
428 2825 546 2885 tamen
584 2825 619 2884 et
659 2821 865 2904 corripiendi
903 2841 974 2898 eos,
1019 2821 1184 2903 quamdiu
1221 2823 1303 2884 sunt
1338 2879 1340 2882 .

185 2910 221 2970 in
250 2909 386 2973 familia
416 2910 611 2986 constituti,
644 2913 718 2972 tam
748 2903 828 2973 avoi
864 2929 967 2992 quam
997 2909 1086 2984 avie,
1122 2929 1182 2973 seu
1212 2910 1303 2992 patri

186 3018 288 3079 quam
323 2999 427 3061 matri
460 3001 613 3082 potestas
645 2998 810 3063 manebit.
865 2998 954 3061 Nam
990 2998 1019 3062 si
1053 2997 1144 3060 filius
1178 2997 1301 3076 filiave,

185 3107 300 3169 nepos,
326 3087 536 3170 neptistam
559 3087 778 3171 presumtiosi
801 3086 990 3162 extiterint,
1015 3090 1055 3148 ut
1079 3107 1180 3149 avum
1203 3107 1303 3149 suum

186 3179 246 3238 aut
270 3175 392 3252 aviam,
417 3176 487 3240 sive
511 3176 616 3239 etiam
640 3179 774 3260 patrem
798 3179 859 3238 aut
881 3179 1027 3238 matrem
1048 3179 1123 3238 tam
1142 3174 1303 3256 gravibus

185 3263 319 3326 iniuriis
344 3267 511 3329 conentur
534 3264 681 3338 afficere,
713 3265 779 3327 hoc
807 3267 868 3338 est,
900 3264 928 3326 si
956 3267 1017 3327 aut
1046 3263 1155 3346 alapa,
1187 3282 1303 3346 pugno

185 3351 239 3415 vel
256 3351 360 3428 calce,
381 3372 442 3416 seu
457 3352 573 3436 lapide
589 3356 650 3416 aut
668 3353 762 3416 fuste
778 3351 834 3416 vel
849 3351 987 3434 flagello
1003 3351 1208 3436 percutiant,
1233 3352 1304 3416 sive

185 3459 245 3522 per
273 3440 396 3523 pedem
423 3439 478 3506 vel
508 3461 569 3524 per
597 3440 739 3525 capillos
768 3461 807 3504 ac
835 3461 896 3524 per
924 3461 1064 3504 manum
1092 3440 1197 3503 etiam
1220 3433 1301 3504 vel¹1

186 3548 400 3611 quocumque
430 3529 612 3593 inhonesto
644 3550 726 3593 casu
754 3528 929 3592 abstraere
959 3527 1206 3592 contumeliose
1234 3548 1304 3611 pre-

186 3620 324 3680 sumant
355 3622 416 3686 aut
446 3618 584 3702 publice
614 3619 853 3701 quodcumque
884 3617 1013 3681 crimen
1045 3637 1108 3680 avo
1139 3620 1200 3680 aut
1230 3617 1305 3680 avie

186 3726 245 3769 sen
269 3705 483 3787 genitoribus
506 3707 576 3769 suis
599 3706 766 3770 obiciant:
790 3706 888 3781 tales,
914 3705 943 3768 si
966 3705 1105 3788 quidem
1121 3705 1323 3778 manifeste,

185 3794 344 3870 convicti,
370 3798 405 3858 et
428 3795 634 3859 verberandi
656 3798 737 3859 sunt
761 3798 843 3858 ante
866 3787 1032 3858 iudicem¹
1055 3793 1305 3876 quinquagenis

185 3881 332 3964 flagellis
362 3885 398 3946 et
428 3883 471 3947 ab
500 3883 696 3948 hereditate
724 3883 1009 3966 supradictorum,
1041 3882 1070 3945 si
1100 3883 1191 3945 idem
1222 3902 1305 3945 avus

302 4055 326 4121 *l
344 4055 406 4108 God.
419 4054 486 4109 122:
505 4053 607 4121 aliquid
620 4053 685 4106 dare
698 4052 838 4122 elegerint,
858 4053 892 4106 dc
905 4053 1000 4121 quinta
1018 4052 1208 4106 tantummodo
1227 4055 1306 4120 parte

345 4127 465 4193 potestas
484 4124 536 4177 illis
554 4123 709 4177 indubitata
726 4125 856 4180 manebit.

292 4285 430 4332 cneum.
471 4284 620 4332 DabilsRl.
661 4283 1126 4334 g)ltaR1.Vh.Lind.,·mensurarum.
1166 4282 1306 4330 amerina.

186 4338 202 4385 i)
216 4349 259 4377 avo
274 4349 341 4386 quam
356 4339 399 4381 dee.
413 4339 464 4388 3¹5
481 4338 519 4377 avi
534 4348 601 4384 quam
615 4337 663 4379 ΒΞ.
718 4337 742 4384 k)
756 4337 874 4379 dccetRl.
927 4337 943 4384 l)
957 4334 1032 4376 iudice
1046 4337 1093 4378 ΕΙ.

189 4479 214 4544 1)
231 4480 272 4543 cf.
291 4495 376 4547 apra
395 4482 420 4546 2,
436 4482 477 4534 re.
563 4479 590 4546 2)
609 4479 650 4542 cf.
671 4479 734 4534 aare.
807 4479 834 4545 3)
852 4479 893 4543 cs.
913 4479 965 4532 aa.
985 4477 1063 4530 aaa
1083 4479 1144 4533 roe.
1164 4479 1223 4532 169.
