3214 5198
342 555 396 608 342

379 731 422 785 55.
455 731 514 785 186.
547 731 606 785 190.
639 731 700 784 204.
730 731 793 785 205.
823 731 885 784 207.

378 803 440 855 212.
466 803 536 865 22ος
566 799 667 852 damno
693 799 805 851 multari
834 801 885 865 ib.;

377 887 478 938 penam
502 886 558 923 non
577 869 716 937 sustineat,
742 869 790 924 sed
810 869 884 922 darn·

378 958 445 994 num
471 940 662 994 satisfactionis
687 940 794 994 exolvat
816 943 884 1006 2123

378 1027 450 1080 pena
468 1012 511 1064 vel
531 1011 556 1067 d.
575 1015 643 1077 2173
667 1010 693 1068 d.
712 1015 761 1064 aut
778 1011 884 1080 perieu-

378 1083 436 1136 lum
454 1085 522 1148 2883
546 1081 703 1137 damnum.
724 1124 729 1137 .
750 1081 885 1151 ,flagella

381 1157 445 1220 1093
459 1153 589 1206 damnum
603 1153 806 1221 compositionis
818 1155 882 1218 2073

565 549 621 606 111.
658 550 779 604 INDEX
797 549 936 605 RERUM
953 549 1002 603 ET
1022 547 1247 604 VERBORUM.

957 726 1086 794 reddere,
1116 725 1279 791 reformare,
1309 726 1464 794 restituere,

958 799 1063 852 solvere
1086 801 1128 854 00.
1150 800 1288 853 165189.
1312 800 1373 852 222.
1398 801 1464 864 318;

958 869 984 925 d.
1002 872 1191 936 representare
1210 872 1277 934 1653
1302 867 1329 921 d.
1355 868 1466 922 heredis

957 943 1026 1006 222;
1052 939 1077 992 (1.
1104 939 1226 992 defuncti
1252 942 1318 1004 1663
1343 957 1395 1007 pre
1418 939 1466 992 de-

957 1011 1015 1063 bito
1047 1010 1097 1063 sub
1125 1009 1283 1064 fideiussore
1315 1011 1465 1063 consistere

956 1084 1023 1150 2933
1042 1081 1141 1150 pignus
1154 1081 1291 1149 deponere
1307 1097 1358 1148 pre
1371 1081 1465 1134 debito

378 1224 471 1293 legum
495 1223 595 1276 damna
620 1219 685 1290 3013
708 1223 885 1276 medietatem
921 1223 1064 1277 decalvare
1089 1226 1131 1278 64.
1159 1226 1201 1279 75.
1229 1225 1288 1278 153.
1315 1225 1374 1278 186.
1403 1225 1464 1279 187.

378 1294 412 1348 de
438 1295 545 1347 damnis
573 1294 624 1348 sibi
651 1293 734 1347 iudex
759 1294 885 1362 adquiret

379 1367 426 1431 503
445 1366 522 1418 iuxta
534 1365 639 1419 crimen
652 1381 760 1418 servum
774 1369 822 1418 aut
833 1381 884 1433 pro

377 1436 478 1489 damno
502 1439 550 1488 aut
572 1453 623 1504 pro
642 1436 774 1504 supplicio
792 1436 885 1488 tradat

377 1511 446 1573 212;
473 1507 605 1560 damnum
631 1506 805 1560 falsariorum
832 1510 883 1572 823

378 1577 404 1633 d.
430 1577 497 1630 furis
521 1581 582 1633 210.
607 1581 668 1633 212.
694 1581 762 1643 258;
790 1577 816 1633 d.
842 1578 883 1630 in-

958 1296 1017 1349 190.
1047 1297 1113 1360 197;
1144 1310 1220 1346 cesus
1247 1310 1280 1346 ac
1307 1293 1464 1346 decalvatus

957 1367 1017 1420 101.
1036 1367 1104 1432 308;
1127 1365 1308 1418 verberentur
1326 1368 1355 1418 et
1372 1364 1464 1418 decal-

957 1436 1014 1487 vati
1028 1435 1188 1488 deformiter
1200 1435 1295 1489 decem
1308 1435 1464 1488 convicinae

956 1507 1138 1574 possessiones
1175 1506 1290 1560 circuire
1328 1510 1464 1575 cogantur

958 1579 1017 1631 182.

377 1648 494 1702 11111111
532 1651 601 1714 228;
644 1647 671 1703 d.
708 1648 884 1702 occultatoris
920 1647 1313 1703 (1111]111111101.119.197.

377 1722 443 1784 2051
469 1719 496 1775 d.
514 1718 666 1787 pervasoris
684 1723 717 1786 33
743 1719 769 1775 d.
788 1735 883 1787 perva-
920 1719 1034 1771 decania
1051 1723 1112 1774 270.

378 1791 543 1855 111111129ος
559 1789 586 1842 d.
605 1789 639 1843 de
651 1791 806 1858 raptoribus
820 1807 883 1843 een·
921 1789 1039 1843 decanus
1055 1793 1211 1856 269—2713
1229 1789 1441 1844 centenarius..
1457 1829 1464 1842 .

378 1861 504 1914 stitutum
540 1865 589 1927 993
626 1860 653 1915 d.
689 1861 883 1915 subsecutionis

377 1935 445 1997 2593
473 1958 505 1976 =
531 1933 617 1984 multa
644 1934 775 1998 1111111111
800 1936 884 1984 cortis

377 2006 497 2054 11111111.-
516 2002 556 2069 (1.,
575 2002 649 2070 qued
667 2003 758 2055 cautio
771 2002 883 2056 demon-

377 2077 447 2124 strat
477 2076 526 2139 693
560 2089 632 2140 pena
662 2073 769 2141 damni,
801 2091 883 2142 quam

378 2144 512 2211 scriptura
530 2144 653 2197 eontinet
671 2148 713 2200 85.

955 1859 1130 1928 postmodum
1161 1861 1197 1912 sit
1226 1861 1296 1913 sicut
1327 1878 1398 1913 unus
1428 1878 1465 1914 ex

956 1931 1066 1984 decanis
1083 1934 1149 1999 2693
1167 1931 1327 1998 inquorum
1346 1935 1465 1984 centena

955 2000 1045 2055 fuerat
1058 2002 1209 2070 adscriptus
1223 2003 1247 2057 d.
1262 2006 1328 2069 270;
1344 2001 1374 2055 in
1387 2003 1465 2056 euius

956 2077 997 2126 est
1015 2073 1153 2126 territorio
1173 2073 1337 2126 constitutus
1356 2073 1383 2128 d.
1402 2076 1436 2128 ib.

919 2144 1074 2197 decessores
1094 2147 1136 2199 11.

342 2214 407 2268 dare
428 2217 546 2282 poesim,
573 2231 613 2271 ex.
635 2232 678 2281 qr.
705 2220 745 2270 13.
767 2219 807 2271 14.
832 2220 882 2281 9ος
919 2214 1070 2268 decimare:
1105 2231 1203 2282 porcos
1235 2214 1371 2268 decimare
1399 2219 1464 2272 256.

377 2301 453 2337 arma
467 2302 518 2353 pre
531 2285 670 2354 obsequie,
689 2286 718 2338 in
730 2287 882 2355 patrocinio

954 2289 1016 2341 257.

377 2355 440 2408 data
467 2360 508 2412 13.
537 2360 595 2412 148.
625 2359 691 2422 1493
723 2357 882 2411 donationes
919 2356 1055 2410 decimus:
1082 2356 1188 2409 decima
1213 2373 1276 2424 pars
1309 2360 1369 2412 131.
1401 2361 1463 2412 134.

377 2427 495 2480 ecelesiis
509 2426 588 2480 datae
603 2431 666 2494 1433
683 2444 742 2481 rem
755 2429 882 2482 cessionis

377 2497 471 2550 ordine
490 2497 555 2550 dare
574 2501 624 2564 853
648 2497 734 2568 (data)
753 2515 882 2552 revocare

376 2571 424 2621 aut
442 2585 573 2622 evacuare
590 2573 638 2636 913
656 2586 707 2638 per
719 2570 882 2638 scripturam

376 2639 441 2692 dere
462 2643 525 2705 117;
548 2640 682 2708 scriptura
700 2657 751 2694 nec
770 2641 881 2707 directa,

375 2727 426 2763 nec
440 2709 511 2777 (1111,
526 2710 575 2764 sed
587 2712 695 2764 sublata
709 2715 772 2778 1473
792 2712 881 2782 legem

375 2779 441 2834 dare
459 2785 503 2837 35.
523 2785 565 2837 91.
585 2785 627 2837 93.

340 2850 440 2904 debere
453 2869 536 2920 saepe,
556 2869 596 2907 cer.
610 2870 668 2918 pru:
688 2852 815 2906 derebus
830 2853 881 2906 sibi

375 2921 473 2974 debitis
498 2925 549 2988 843
574 2923 626 2977 sibi
649 2923 772 2976 debitum
798 2940 881 2994 nege·

375 2993 445 3044 tium
464 2994 541 3060 sequi
559 2997 626 3062 2873
653 2994 776 3048 debitum
795 2995 881 3048 dorni·

374 3064 450 3116 nium
470 3067 577 3131 289;1.
598 3064 728 3120 debitum.

339 3133 435 3187 debilis
456 3138 515 3192 191.
533 3139 595 3191 236.
614 3139 675 3191 244.
695 3140 756 3191 247.

339 3205 481 3258 debilitare
501 3209 560 3262 100.
582 3211 641 3261 191.
660 3211 722 3262 236.
741 3210 802 3263 240.
828 3211 881 3262 244

375 3279 475 3332 -247,
503 3280 564 3332 249.
596 3281 656 3332 251.
688 3282 756 3342 293;
787 3295 881 3330 servus

373 3347 503 3400 innocens
521 3347 550 3399 in
567 3349 711 3401 tormentis
724 3349 881 3402 debilitatus

954 2431 1019 2493 272;
1042 2427 1097 2480 saio
1117 2427 1254 2480 decimum
1273 2427 1391 2480 solidum
1411 2445 1463 2497 pre

953 2498 1048 2552 labere
1072 2515 1121 2550 sue
1145 2499 1288 2566 conquirat
1313 2501 1363 2565 553
1389 2498 1463 2552 deci-

953 2586 1030 2621 mum
1055 2586 1170 2636 porcum
1193 2569 1306 2638 solvere,
1331 2587 1382 2636 pro
1401 2570 1464 2624 iure

954 2656 1003 2692 sue
1021 2657 1178 2708 presumere
1197 2643 1257 2695 256.
1277 2671 1309 2678 -
1324 2639 1464 2694 decimum

956 2736 987 2754 =
1004 2712 1103 2762 (1111111
1117 2728 1203 2778 pare:
1221 2710 1304 2764 iudex
1322 2711 1368 2778 (de
1387 2729 1463 2765 cem-

953 2781 1099 2851 positione)
1125 2799 1176 2849 pro
1202 2783 1294 2834 labore
1320 2799 1369 2834 sue
1388 2782 1463 2836 deci·

954 2870 1030 2904 mum
1050 2856 1232 2920 consequatur
1256 2856 1323 2920 2173
1348 2857 1463 2920 terram,

954 2923 1071 2989 vineam,
1097 2941 1155 2976 rem
1179 2923 1260 2976 aliam
1283 2941 1333 2991 pre
1353 2925 1462 2978 decime

954 2995 1077 3062 accipere
1109 2993 1302 3062 possidendam
1332 2999 1393 3050 283.
1428 3026 1461 3034 -

954 3065 1059 3118 decima
1090 3065 1135 3131 (=
1163 3067 1189 3120 d.
1212 3066 1306 3132 paral:
1336 3065 1460 3119 decimae

953 3136 1122 3203 (percorum)
1147 3139 1208 3191 255.
1237 3140 1298 3192 256.
1326 3140 1395 3202 257;
1426 3137 1463 3190 (11

953 3205 1050 3258 dandis
1064 3206 1176 3260 decimis
1189 3206 1302 3259 definire
1321 3211 1389 3274 256;
1408 3209 1460 3261 sub

952 3277 1053 3344 placite
1064 3277 1231 3331 deeimarum
1243 3295 1340 3346 porcos
1352 3278 1381 3330 in
1393 3279 1462 3332 silva

954 3347 1043 3400 aliens
1066 3349 1250 3402 intromittere
1275 3352 1343 3415 2563
1375 3366 1462 3417 usque

375 3421 435 3472 178.
953 3417 988 3470 ad
1007 3422 1115 3486 tempus
1127 3419 1296 3472 deeimarum
1314 3436 1412 3487 porcos
1431 3421 1461 3472 in

339 3488 478 3544 debilitas:
516 3488 663 3542 debilitatis
694 3490 824 3543 damnum
855 3492 880 3546 5.
954 3489 1020 3542 silva
1048 3507 1095 3542 sua
1126 3491 1286 3557 permittere
1312 3494 1381 3558 2553
1409 3509 1461 3559 pro

376 3563 435 3616 160.
953 3560 1098 3629 glandibus
1113 3561 1232 3614 decimas
1245 3562 1376 3628 consequi
1392 3565 1459 3629 2573

338 3629 489 3684 debilitatio
511 3634 570 3687 185.
589 3635 731 3687 218236.
953 3631 1072 3684 decimas
1091 3631 1291 3688 (1111(1111256,

338 3701 562 3756 (11511116161.
581 3706 640 3758 163.
660 3706 719 3758 165.
738 3706 798 3758 166.
817 3705 878 3758 273.
917 3702 1058 3756 decretum
1076 3705 1119 3758 38.
1138 3706 1204 3770 277;
1223 3703 1249 3758 d.
1269 3703 1335 3771 legis
1352 3707 1397 3758 42.
1410 3706 1458 3768 46;

373 3775 440 3837 3183
472 3772 580 3825 debitor
610 3773 732 3826 debitum
763 3773 879 3827 reddere
953 3773 1001 3841 qui
1017 3789 1068 3840 per
1087 3774 1194 3842 regium
1213 3773 1239 3828 d.
1259 3777 1323 3826 sunt
1340 3773 1461 3827 instituti

373 3842 467 3894 nolens
487 3846 553 3909 1893
572 3843 598 3898 d.
612 3844 648 3896 ad
660 3844 802 3897 ecclesiam
815 3861 879 3897 cen·
951 3843 1054 3896 iudices
1068 3847 1115 3910 583
1129 3861 1264 3897 canonum
1275 3845 1386 3898 decreta
1399 3849 1459 3900 111.

372 3911 480 3980 fugiens
493 3916 555 3968 273.
569 3917 635 3980 2741
650 3915 802 3968 debitorem
815 3932 878 3969 een·
916 3915 1057 3968 decuriae:
1076 3915 1104 3967 in
1124 3915 1265 3968 arboribus
1282 3920 1372 3982 notae,
1392 3933 1459 3983 quas

373 3982 463 4034 cidere
489 3987 536 4036 aut
561 3984 647 4052 ligare
665 3989 734 4051 273;
760 3987 879 4039 creditor
951 3984 1075 4038 decurias
1087 3991 1187 4038 vocant
1203 3988 1273 4052 2883
1292 3986 1383 4040 facere
1401 3991 1458 4040 tres

373 4052 525 4106 debitorem
533 4056 651 4124 excipiat
660 4060 819 4110 excusatum
829 4059 877 4122 ἑὰς
951 4056 1082 4124 decurias,
1096 4073 1149 4124 que
1161 4061 1294 4110 vocantur
1306 4061 1459 4111 caracteres

372 4122 430 4192 filii,
455 4125 569 4178 heredes
588 4127 705 4194 eogendi
727 4132 791 4179 sunt
815 4129 878 4181 sub·
950 4130 1053 4195 25811.

371 4194 455 4263 plere,
475 4195 547 4248 unde
565 4201 645 4250 autor
662 4215 757 4251 eorum
770 4197 878 4252 debitor
914 4198 1049 4252 deducere
1071 4198 1106 4250 ad
1125 4198 1309 4266 cognitionem
1327 4199 1458 4268 principis

335 4269 877 4406 (111111111111111111111111111111
914 4271 1061 4392 1111396111
1092 4339 1245 4393 castitatem
1282 4343 1348 4408 1003
1386 4340 1457 4394 servi

371 4407 490 4459 debitrix
514 4411 573 4464 165.
949 4409 1101 4478 patrocinio
1121 4410 1226 4464 defensi
1248 4414 1316 4476 2853
1342 4411 1456 4464 homici-

335 4477 458 4531 debitum
488 4482 547 4535 164,
577 4483 637 4536 165.
666 4483 725 4535 167.
755 4483 821 4548 283;
849 4480 875 4536 d.
949 4480 1013 4534 dam
1032 4481 1179 4535 defendere
1199 4486 1266 4549 1993
1286 4481 1389 4548 aliquid
1406 4500 1454 4535 suo
