<?xml version="1.0" encoding="UTF-8"?>
<!DOCTYPE html PUBLIC "-//W3C//DTD XHTML 1.0 Transitional//EN"
    "http://www.w3.org/TR/xhtml1/DTD/xhtml1-transitional.dtd">
<html xmlns="http://www.w3.org/1999/xhtml" xml:lang="en" lang="en">
 <head>
  <title>
</title>
<meta http-equiv="Content-Type" content="text/html;charset=utf-8" />
  <meta name='ocr-system' content='tesseract 3.04.00' />
  <meta name='ocr-capabilities' content='ocr_page ocr_carea ocr_par ocr_line ocrx_word'/>
</head>
<body>
  <div class='ocr_page' id='page_1' title='image "./legesvisigothor00gaudgoog_0134.png"; bbox 0 0 3218 5202; ppageno 0'>
   <div class='ocr_carea' id='block_1_1' title="bbox 353 536 1313 607">
    <p class='ocr_par' dir='ltr' id='par_1_1' title="bbox 353 536 1313 607">
     <span class='ocr_line' id='line_1_1' title="bbox 353 536 1313 607; baseline -0.004 -10"><span class='ocrx_word' id='word_1_1' title='bbox 353 543 406 597; x_wconf 78' lang='lat'>102</span> <span class='ocrx_word' id='word_1_2' title='bbox 512 538 590 594; x_wconf 81' lang='lat' dir='ltr'>LEX</span> <span class='ocrx_word' id='word_1_3' title='bbox 609 536 724 594; x_wconf 81' lang='lat' dir='ltr'>VISIG.</span> <span class='ocrx_word' id='word_1_4' title='bbox 742 536 1013 595; x_wconf 80' lang='lat' dir='ltr'><strong>RECGESSVIND.</strong></span> <span class='ocrx_word' id='word_1_5' title='bbox 1049 537 1105 607; x_wconf 93' lang='grc' dir='ltr'>ΠΙ,</span> <span class='ocrx_word' id='word_1_6' title='bbox 1124 541 1265 606; x_wconf 77' lang='lat'><strong>3,11.12;</strong></span> <span class='ocrx_word' id='word_1_7' title='bbox 1287 542 1313 594; x_wconf 84' lang='lat'>4.</span> 
     </span>
    </p>
   </div>
   <div class='ocr_carea' id='block_1_2' title="bbox 352 717 1584 894">
    <p class='ocr_par' dir='ltr' id='par_1_2' title="bbox 352 717 1584 894">
     <span class='ocr_line' id='line_1_2' title="bbox 353 717 1584 806; baseline -0.001 -20"><span class='ocrx_word' id='word_1_8' title='bbox 353 723 539 806; x_wconf 85' lang='lat' dir='ltr'>patuerint,</span> <span class='ocrx_word' id='word_1_9' title='bbox 564 743 643 785; x_wconf 90' lang='lat' dir='ltr'>cum</span> <span class='ocrx_word' id='word_1_10' title='bbox 658 721 713 786; x_wconf 89' lang='lat' dir='ltr'>his</span> <span class='ocrx_word' id='word_1_11' title='bbox 729 721 844 798; x_wconf 89' lang='lat' dir='ltr'>etiam,</span> <span class='ocrx_word' id='word_1_12' title='bbox 869 725 909 784; x_wconf 84' lang='lat' dir='ltr'>a⁰</span> <span class='ocrx_word' id='word_1_13' title='bbox 929 721 1054 804; x_wconf 89' lang='lat' dir='ltr'>quibus</span> <span class='ocrx_word' id='word_1_14' title='bbox 1070 722 1165 785; x_wconf 90' lang='lat' dir='ltr'>missi</span> <span class='ocrx_word' id='word_1_15' title='bbox 1183 721 1325 796; x_wconf 80' lang='lat' dir='ltr'>fuerint,</span> <span class='ocrx_word' id='word_1_16' title='bbox 1350 720 1474 785; x_wconf 87' lang='lat' dir='ltr'>iudicis</span> <span class='ocrx_word' id='word_1_17' title='bbox 1583 717 1584 720; x_wconf 61' lang='grc'>’</span> 
     </span>
     <span class='ocr_line' id='line_1_3' title="bbox 352 805 1584 894; baseline -0.002 -20"><span class='ocrx_word' id='word_1_18' title='bbox 352 810 519 875; x_wconf 87' lang='lat' dir='ltr'>instantia</span> <span class='ocrx_word' id='word_1_19' title='bbox 543 811 802 894; x_wconf 76' lang='lat' dir='ltr'>conprehensi⁰‚</span> <span class='ocrx_word' id='word_1_20' title='bbox 827 811 864 872; x_wconf 91' lang='lat' dir='ltr'>in</span> <span class='ocrx_word' id='word_1_21' title='bbox 880 809 953 874; x_wconf 90' lang='lat' dir='ltr'>eius</span> <span class='ocrx_word' id='word_1_22' title='bbox 969 812 1142 894; x_wconf 71' lang='lat' dir='ltr'>potestate</span> <span class='ocrx_word' id='word_1_23' title='bbox 1157 810 1352 886; x_wconf 82' lang='lat' dir='ltr'>tradantur,</span> <span class='ocrx_word' id='word_1_24' title='bbox 1377 810 1473 874; x_wconf 87' lang='lat' dir='ltr'>euius</span> <span class='ocrx_word' id='word_1_25' title='bbox 1582 805 1584 876; x_wconf 73' lang='lat' dir='ltr'>l</span> 
     </span>
    </p>
   </div>
   <div class='ocr_carea' id='block_1_3' title="bbox 352 892 1474 982">
    <p class='ocr_par' dir='ltr' id='par_1_3' title="bbox 352 892 1474 982">
     <span class='ocr_line' id='line_1_4' title="bbox 352 892 1474 982; baseline 0 -20"><span class='ocrx_word' id='word_1_26' title='bbox 352 920 493 963; x_wconf 86' lang='lat' dir='ltr'>uxorem</span> <span class='ocrx_word' id='word_1_27' title='bbox 511 899 567 964; x_wconf 82' lang='lat' dir='ltr'>vel</span> <span class='ocrx_word' id='word_1_28' title='bbox 590 899 697 962; x_wconf 91' lang='lat' dir='ltr'>filiam</span> <span class='ocrx_word' id='word_1_29' title='bbox 720 898 924 963; x_wconf 76' lang='lat' dir='ltr'>sollicitasse</span> <span class='ocrx_word' id='word_1_30' title='bbox 946 892 1224 982; x_wconf 70' lang='lat' dir='ltr'>repperiunturf3</span> <span class='ocrx_word' id='word_1_31' title='bbox 1255 901 1296 961; x_wconf 91' lang='lat' dir='ltr'>ut</span> <span class='ocrx_word' id='word_1_32' title='bbox 1317 898 1373 961; x_wconf 90' lang='lat' dir='ltr'>illi</span> <span class='ocrx_word' id='word_1_33' title='bbox 1395 919 1474 981; x_wconf 92' lang='lat' dir='ltr'>quo·</span> 
     </span>
    </p>
   </div>
   <div class='ocr_carea' id='block_1_4' title="bbox 352 986 1584 1071">
    <p class='ocr_par' dir='ltr' id='par_1_4' title="bbox 352 986 1584 1071">
     <span class='ocr_line' id='line_1_5' title="bbox 352 986 1584 1071; baseline -0.003 -19"><span class='ocrx_word' id='word_1_34' title='bbox 352 1007 418 1071; x_wconf 91' lang='lat' dir='ltr'>que</span> <span class='ocrx_word' id='word_1_35' title='bbox 449 989 491 1052; x_wconf 92' lang='lat' dir='ltr'>de</span> <span class='ocrx_word' id='word_1_36' title='bbox 509 987 570 1052; x_wconf 84' lang='lat' dir='ltr'>&#39;eis</span> <span class='ocrx_word' id='word_1_37' title='bbox 600 988 692 1069; x_wconf 91' lang='lat' dir='ltr'>quod</span> <span class='ocrx_word' id='word_1_38' title='bbox 718 987 892 1052; x_wconf 86' lang='lat' dir='ltr'>voluerint</span> <span class='ocrx_word' id='word_1_39' title='bbox 916 987 962 1051; x_wconf 90' lang='lat' dir='ltr'>sit</span> <span class='ocrx_word' id='word_1_40' title='bbox 984 986 1162 1051; x_wconf 87' lang='lat' dir='ltr'>iudicandi</span> <span class='ocrx_word' id='word_1_41' title='bbox 1189 987 1341 1063; x_wconf 79' lang='lat' dir='ltr'>libertas,</span> <span class='ocrx_word' id='word_1_42' title='bbox 1372 1007 1473 1069; x_wconf 90' lang='lat' dir='ltr'>quem</span> <span class='ocrx_word' id='word_1_43' title='bbox 1583 1023 1584 1048; x_wconf 47' lang='lat' dir='ltr'>r</span> 
     </span>
    </p>
   </div>
   <div class='ocr_carea' id='block_1_5' title="bbox 351 1075 1473 1160">
    <p class='ocr_par' dir='ltr' id='par_1_5' title="bbox 351 1075 1473 1160">
     <span class='ocr_line' id='line_1_6' title="bbox 351 1075 1473 1160; baseline -0.002 -20"><span class='ocrx_word' id='word_1_44' title='bbox 351 1076 407 1141; x_wconf 89' lang='lat' dir='ltr'>vel</span> <span class='ocrx_word' id='word_1_45' title='bbox 441 1075 632 1160; x_wconf 81' lang='lat' dir='ltr'>coniugalis</span> <span class='ocrx_word' id='word_1_46' title='bbox 667 1076 752 1139; x_wconf 91' lang='lat' dir='ltr'>ordo</span> <span class='ocrx_word' id='word_1_47' title='bbox 784 1076 840 1140; x_wconf 81' lang='lat' dir='ltr'>rel</span> <span class='ocrx_word' id='word_1_48' title='bbox 875 1075 1063 1160; x_wconf 89' lang='lat' dir='ltr'>parentalis</span> <span class='ocrx_word' id='word_1_49' title='bbox 1098 1075 1336 1160; x_wconf 82' lang='lat' dir='ltr'>propinquitas</span> <span class='ocrx_word' id='word_1_50' title='bbox 1371 1075 1473 1138; x_wconf 88' lang='lat' dir='ltr'>huius</span> 
     </span>
    </p>
   </div>
   <div class='ocr_carea' id='block_1_6' title="bbox 351 1164 1584 1337">
    <p class='ocr_par' dir='ltr' id='par_1_6' title="bbox 351 1164 1584 1337">
     <span class='ocr_line' id='line_1_7' title="bbox 351 1164 1584 1248; baseline -0.003 -20"><span class='ocrx_word' id='word_1_51' title='bbox 351 1165 500 1229; x_wconf 87' lang='lat' dir='ltr'>ultorem</span> <span class='ocrx_word' id='word_1_52' title='bbox 519 1164 671 1229; x_wconf 89' lang='lat' dir='ltr'>criminis</span> <span class='ocrx_word' id='word_1_53' title='bbox 694 1164 854 1248; x_wconf 78' lang='lat' dir='ltr'>legaliter</span> <span class='ocrx_word' id='word_1_54' title='bbox 877 1184 949 1228; x_wconf 89' lang='lat' dir='ltr'>esse</span> <span class='ocrx_word' id='word_1_55' title='bbox 974 1165 1198 1228; x_wconf 84' lang='lat' dir='ltr'>demonstrat.</span> <span class='ocrx_word' id='word_1_56' title='bbox 1244 1164 1305 1227; x_wconf 88' lang='lat' dir='ltr'>Illi</span> <span class='ocrx_word' id='word_1_57' title='bbox 1328 1184 1472 1247; x_wconf 88' lang='lat' dir='ltr'>quoque,</span> <span class='ocrx_word' id='word_1_58' title='bbox 1583 1203 1584 1224; x_wconf 68' lang='lat'><em>2</em></span> 
     </span>
     <span class='ocr_line' id='line_1_8' title="bbox 352 1252 1584 1337; baseline -0.003 -21"><span class='ocrx_word' id='word_1_59' title='bbox 352 1254 411 1336; x_wconf 92' lang='lat' dir='ltr'>qui</span> <span class='ocrx_word' id='word_1_60' title='bbox 434 1252 586 1337; x_wconf 82' lang='lat' dir='ltr'>puellam</span> <span class='ocrx_word' id='word_1_61' title='bbox 604 1253 791 1336; x_wconf 86' lang='lat' dir='ltr'>ingenuam</span> <span class='ocrx_word' id='word_1_62' title='bbox 805 1253 1028 1336; x_wconf 73' lang='lat' dir='ltr'>viduamvel⁸</span> <span class='ocrx_word' id='word_1_63' title='bbox 1054 1253 1182 1335; x_wconf 79' lang='lat' dir='ltr'>absque</span> <span class='ocrx_word' id='word_1_64' title='bbox 1205 1253 1335 1336; x_wconf 85' lang='lat' dir='ltr'>regiam</span> <span class='ocrx_word' id='word_1_65' title='bbox 1357 1253 1474 1316; x_wconf 84' lang='lat' dir='ltr'>iussio</span> <span class='ocrx_word' id='word_1_66' title='bbox 1583 1275 1584 1312; x_wconf 79' lang='lat'><em>3</em></span> 
     </span>
    </p>
   </div>
   <div class='ocr_carea' id='block_1_7' title="bbox 351 1335 1474 1513">
    <p class='ocr_par' dir='ltr' id='par_1_7' title="bbox 351 1335 1474 1513">
     <span class='ocr_line' id='line_1_9' title="bbox 352 1335 1473 1425; baseline 0.001 -21"><span class='ocrx_word' id='word_1_67' title='bbox 352 1342 453 1406; x_wconf 90' lang='lat' dir='ltr'>neml</span> <span class='ocrx_word' id='word_1_68' title='bbox 482 1342 607 1405; x_wconf 88' lang='lat' dir='ltr'>marito</span> <span class='ocrx_word' id='word_1_69' title='bbox 636 1341 805 1406; x_wconf 87' lang='lat' dir='ltr'>violenter</span> <span class='ocrx_word' id='word_1_70' title='bbox 835 1335 1107 1425; x_wconf 79' lang='lat' dir='ltr'>presumserintll</span> <span class='ocrx_word' id='word_1_71' title='bbox 1139 1342 1291 1418; x_wconf 85' lang='lat' dir='ltr'>tradere,</span> <span class='ocrx_word' id='word_1_72' title='bbox 1323 1340 1473 1424; x_wconf 88' lang='lat' dir='ltr'>quinque</span> 
     </span>
     <span class='ocr_line' id='line_1_10' title="bbox 351 1423 1474 1513; baseline 0 -20"><span class='ocrx_word' id='word_1_73' title='bbox 351 1430 457 1494; x_wconf 86' lang='lat' dir='ltr'>libras</span> <span class='ocrx_word' id='word_1_74' title='bbox 481 1431 557 1493; x_wconf 89' lang='lat' dir='ltr'>auri</span> <span class='ocrx_word' id='word_1_75' title='bbox 579 1431 620 1506; x_wconf 79' lang='lat' dir='ltr'>ei,</span> <span class='ocrx_word' id='word_1_76' title='bbox 650 1431 705 1494; x_wconf 88' lang='lat' dir='ltr'>cui</span> <span class='ocrx_word' id='word_1_77' title='bbox 727 1430 797 1494; x_wconf 82' lang='lat' dir='ltr'>vim</span> <span class='ocrx_word' id='word_1_78' title='bbox 819 1423 1006 1507; x_wconf 70' lang='lat' dir='ltr'>fecerinth,</span> <span class='ocrx_word' id='word_1_79' title='bbox 1031 1423 1221 1513; x_wconf 83' lang='lat' dir='ltr'>coganturh</span> <span class='ocrx_word' id='word_1_80' title='bbox 1247 1430 1414 1507; x_wconf 62' lang='lat' dir='ltr'>exolvere</span> <span class='ocrx_word' id='word_1_81' title='bbox 1439 1432 1474 1494; x_wconf 92' lang='lat' dir='ltr'>et</span> 
     </span>
    </p>
   </div>
   <div class='ocr_carea' id='block_1_8' title="bbox 351 1518 1473 1672">
    <p class='ocr_par' dir='ltr' id='par_1_8' title="bbox 351 1518 1473 1672">
     <span class='ocr_line' id='line_1_11' title="bbox 353 1518 1473 1602; baseline -0.002 -20"><span class='ocrx_word' id='word_1_82' title='bbox 353 1518 550 1582; x_wconf 90' lang='lat' dir='ltr'>huiusmodi</span> <span class='ocrx_word' id='word_1_83' title='bbox 573 1519 781 1602; x_wconf 86' lang='lat' dir='ltr'>coniugium,</span> <span class='ocrx_word' id='word_1_84' title='bbox 806 1519 835 1582; x_wconf 89' lang='lat' dir='ltr'>si</span> <span class='ocrx_word' id='word_1_85' title='bbox 855 1519 980 1582; x_wconf 91' lang='lat' dir='ltr'>mulier</span> <span class='ocrx_word' id='word_1_86' title='bbox 996 1518 1178 1582; x_wconf 86' lang='lat' dir='ltr'>dissentire</span> <span class='ocrx_word' id='word_1_87' title='bbox 1201 1518 1378 1602; x_wconf 84' lang='lat' dir='ltr'>probatur,</span> <span class='ocrx_word' id='word_1_88' title='bbox 1401 1518 1473 1581; x_wconf 87' lang='lat' dir='ltr'>irri-</span> 
     </span>
     <span class='ocr_line' id='line_1_12' title="bbox 351 1606 904 1672; baseline -0.002 -2"><span class='ocrx_word' id='word_1_89' title='bbox 351 1611 427 1670; x_wconf 90' lang='lat' dir='ltr'>tum</span> <span class='ocrx_word' id='word_1_90' title='bbox 450 1607 701 1670; x_wconf 85' lang='lat' dir='ltr'>nihilhominus</span> <span class='ocrx_word' id='word_1_91' title='bbox 724 1606 904 1672; x_wconf 87' lang='lat' dir='ltr'>habeatur.</span> 
     </span>
    </p>
   </div>
   <div class='ocr_carea' id='block_1_9' title="bbox 440 1793 1375 1852">
    <p class='ocr_par' dir='ltr' id='par_1_9' title="bbox 440 1793 1375 1852">
     <span class='ocr_line' id='line_1_13' title="bbox 440 1793 1375 1852; baseline 0.002 -2"><span class='ocrx_word' id='word_1_92' title='bbox 440 1794 508 1852; x_wconf 92' lang='lat' dir='ltr'>XII.</span> <span class='ocrx_word' id='word_1_93' title='bbox 538 1793 706 1850; x_wconf 82' lang='lat' dir='ltr'><strong>FLAVIUS</strong></span> <span class='ocrx_word' id='word_1_94' title='bbox 725 1793 939 1852; x_wconf 81' lang='lat' dir='ltr'>GLORIOSUS</span> <span class='ocrx_word' id='word_1_95' title='bbox 958 1794 1268 1852; x_wconf 79' lang='lat' dir='ltr'>REOOESSVINDUS</span> <span class='ocrx_word' id='word_1_96' title='bbox 1287 1795 1375 1852; x_wconf 79' lang='lat' dir='ltr'>REX.</span> 
     </span>
    </p>
   </div>
   <div class='ocr_carea' id='block_1_10' title="bbox 353 1899 1584 2000">
    <p class='ocr_par' dir='ltr' id='par_1_10' title="bbox 353 1899 1584 2000">
     <span class='ocr_line' id='line_1_14' title="bbox 353 1899 1584 2000; baseline -0.002 -28"><span class='ocrx_word' id='word_1_97' title='bbox 353 1907 438 1972; x_wconf 72' lang='lat' dir='ltr'>Dea</span> <span class='ocrx_word' id='word_1_98' title='bbox 464 1908 669 1992; x_wconf 81' lang='lat' dir='ltr'>ingenuis</span> <span class='ocrx_word' id='word_1_99' title='bbox 699 1899 862 1990; x_wconf 69' lang='lat' dir='ltr'>adquel</span> <span class='ocrx_word' id='word_1_100' title='bbox 891 1907 1042 1983; x_wconf 80' lang='lat' dir='ltr'>serris,</span> <span class='ocrx_word' id='word_1_101' title='bbox 1074 1901 1203 1990; x_wconf 88' lang='lat' dir='ltr'>quosb</span> <span class='ocrx_word' id='word_1_102' title='bbox 1231 1908 1274 1972; x_wconf 92' lang='lat' dir='ltr'>in</span> <span class='ocrx_word' id='word_1_103' title='bbox 1301 1912 1473 1993; x_wconf 89' lang='lat' dir='ltr'>raptum</span> <span class='ocrx_word' id='word_1_104' title='bbox 1582 1903 1584 2000; x_wconf 58' lang='lat' dir='ltr'>j</span> 
     </span>
    </p>
   </div>
   <div class='ocr_carea' id='block_1_11' title="bbox 650 1997 1172 2061">
    <p class='ocr_par' dir='ltr' id='par_1_11' title="bbox 650 1997 1172 2061">
     <span class='ocr_line' id='line_1_15' title="bbox 650 1997 1172 2061; baseline -0.002 -1"><span class='ocrx_word' id='word_1_105' title='bbox 650 1997 869 2061; x_wconf 89' lang='lat' dir='ltr'>interesse</span> <span class='ocrx_word' id='word_1_106' title='bbox 900 1997 1172 2060; x_wconf 86' lang='lat' dir='ltr'>constiterit.</span> 
     </span>
    </p>
   </div>
   <div class='ocr_carea' id='block_1_12' title="bbox 460 2101 1584 2192">
    <p class='ocr_par' dir='ltr' id='par_1_12' title="bbox 460 2101 1584 2192">
     <span class='ocr_line' id='line_1_16' title="bbox 460 2101 1584 2192; baseline 0 -26"><span class='ocrx_word' id='word_1_107' title='bbox 460 2101 527 2181; x_wconf 77' lang='lat' dir='ltr'>Qui</span> <span class='ocrx_word' id='word_1_108' title='bbox 556 2103 593 2165; x_wconf 92' lang='lat' dir='ltr'>in</span> <span class='ocrx_word' id='word_1_109' title='bbox 620 2105 725 2186; x_wconf 88' lang='lat' dir='ltr'>raptu</span> <span class='ocrx_word' id='word_1_110' title='bbox 751 2103 950 2166; x_wconf 83' lang='lat' dir='ltr'>interfuisse</span> <span class='ocrx_word' id='word_1_111' title='bbox 974 2103 1202 2186; x_wconf 80' lang='lat' dir='ltr'>cognoscitur,</span> <span class='ocrx_word' id='word_1_112' title='bbox 1234 2104 1262 2166; x_wconf 89' lang='lat' dir='ltr'>si</span> <span class='ocrx_word' id='word_1_113' title='bbox 1292 2102 1380 2167; x_wconf 91' lang='lat' dir='ltr'>liber</span> <span class='ocrx_word' id='word_1_114' title='bbox 1411 2107 1471 2180; x_wconf 76' lang='lat' dir='ltr'>est,</span> <span class='ocrx_word' id='word_1_115' title='bbox 1582 2151 1584 2192; x_wconf 50' lang='lat'>3</span> 
     </span>
    </p>
   </div>
   <div class='ocr_carea' id='block_1_13' title="bbox 352 2191 1473 2275">
    <p class='ocr_par' dir='ltr' id='par_1_13' title="bbox 352 2191 1473 2275">
     <span class='ocr_line' id='line_1_17' title="bbox 352 2191 1473 2275; baseline 0.002 -21"><span class='ocrx_word' id='word_1_116' title='bbox 352 2211 410 2255; x_wconf 90' lang='lat' dir='ltr'>sex</span> <span class='ocrx_word' id='word_1_117' title='bbox 438 2192 514 2255; x_wconf 86' lang='lat' dir='ltr'>auri</span> <span class='ocrx_word' id='word_1_118' title='bbox 540 2191 660 2254; x_wconf 88' lang='lat' dir='ltr'>uncias</span> <span class='ocrx_word' id='word_1_119' title='bbox 687 2191 812 2254; x_wconf 86' lang='lat' dir='ltr'>reddat</span> <span class='ocrx_word' id='word_1_120' title='bbox 839 2193 875 2255; x_wconf 90' lang='lat' dir='ltr'>et</span> <span class='ocrx_word' id='word_1_121' title='bbox 902 2202 927 2256; x_wconf 84' lang='lat' dir='ltr'>L</span> <span class='ocrx_word' id='word_1_122' title='bbox 949 2191 1065 2254; x_wconf 86' lang='lat' dir='ltr'>hictus</span> <span class='ocrx_word' id='word_1_123' title='bbox 1088 2191 1312 2275; x_wconf 86' lang='lat' dir='ltr'>flagellorum</span> <span class='ocrx_word' id='word_1_124' title='bbox 1335 2192 1473 2275; x_wconf 88' lang='lat' dir='ltr'>publice</span> 
     </span>
    </p>
   </div>
   <div class='ocr_carea' id='block_1_14' title="bbox 351 2279 1584 2630">
    <p class='ocr_par' dir='ltr' id='par_1_14' title="bbox 351 2279 1584 2630">
     <span class='ocr_line' id='line_1_18' title="bbox 352 2279 1584 2362; baseline -0.001 -19"><span class='ocrx_word' id='word_1_125' title='bbox 352 2282 513 2343; x_wconf 86' lang='lat' dir='ltr'>extensus</span> <span class='ocrx_word' id='word_1_126' title='bbox 542 2279 699 2362; x_wconf 88' lang='lat' dir='ltr'>accipiat.</span> <span class='ocrx_word' id='word_1_127' title='bbox 746 2279 837 2342; x_wconf 90' lang='lat' dir='ltr'>Nam</span> <span class='ocrx_word' id='word_1_128' title='bbox 860 2279 889 2343; x_wconf 89' lang='lat' dir='ltr'>si</span> <span class='ocrx_word' id='word_1_129' title='bbox 912 2299 1029 2344; x_wconf 80' lang='lat' dir='ltr'>servus</span> <span class='ocrx_word' id='word_1_130' title='bbox 1056 2280 1164 2344; x_wconf 78' lang='lat' dir='ltr'>fuerit</span> <span class='ocrx_word' id='word_1_131' title='bbox 1187 2283 1223 2344; x_wconf 91' lang='lat' dir='ltr'>et</span> <span class='ocrx_word' id='word_1_132' title='bbox 1246 2281 1319 2345; x_wconf 89' lang='lat' dir='ltr'>sine</span> <span class='ocrx_word' id='word_1_133' title='bbox 1342 2281 1473 2344; x_wconf 90' lang='lat' dir='ltr'>domini</span> <span class='ocrx_word' id='word_1_134' title='bbox 1582 2349 1584 2354; x_wconf 22' lang='lat' dir='ltr'>s</span> 
     </span>
     <span class='ocr_line' id='line_1_19' title="bbox 351 2367 1584 2452; baseline 0.001 -21"><span class='ocrx_word' id='word_1_135' title='bbox 351 2367 532 2431; x_wconf 81' lang='lat' dir='ltr'>voluntate</span> <span class='ocrx_word' id='word_1_136' title='bbox 560 2367 626 2430; x_wconf 93' lang='lat' dir='ltr'>hoo</span> <span class='ocrx_word' id='word_1_137' title='bbox 649 2367 782 2444; x_wconf 82' lang='lat' dir='ltr'>fecerit,</span> <span class='ocrx_word' id='word_1_138' title='bbox 811 2370 951 2432; x_wconf 90' lang='lat' dir='ltr'>centum</span> <span class='ocrx_word' id='word_1_139' title='bbox 974 2367 1112 2452; x_wconf 90' lang='lat' dir='ltr'>publice</span> <span class='ocrx_word' id='word_1_140' title='bbox 1135 2368 1274 2452; x_wconf 84' lang='lat' dir='ltr'>flagella</span> <span class='ocrx_word' id='word_1_141' title='bbox 1296 2368 1471 2452; x_wconf 89' lang='lat' dir='ltr'>suscipiat.</span> <span class='ocrx_word' id='word_1_142' title='bbox 1583 2393 1584 2396; x_wconf 43' lang='lat'>¹</span> 
     </span>
     <span class='ocr_line' id='line_1_20' title="bbox 353 2455 1584 2540; baseline 0.002 -23"><span class='ocrx_word' id='word_1_143' title='bbox 353 2455 454 2533; x_wconf 75' lang='lat' dir='ltr'>Quod</span> <span class='ocrx_word' id='word_1_144' title='bbox 477 2456 507 2518; x_wconf 90' lang='lat' dir='ltr'>si</span> <span class='ocrx_word' id='word_1_145' title='bbox 526 2475 641 2520; x_wconf 77' lang='lat' dir='ltr'>servus</span> <span class='ocrx_word' id='word_1_146' title='bbox 659 2457 697 2518; x_wconf 90' lang='lat' dir='ltr'>in</span> <span class='ocrx_word' id='word_1_147' title='bbox 711 2459 869 2540; x_wconf 76' lang='lat' dir='ltr'>raptum⁰</span> <span class='ocrx_word' id='word_1_148' title='bbox 889 2457 1089 2521; x_wconf 73' lang='lat' dir='ltr'>interfuerit</span> <span class='ocrx_word' id='word_1_149' title='bbox 1105 2478 1183 2521; x_wconf 88' lang='lat' dir='ltr'>eum</span> <span class='ocrx_word' id='word_1_150' title='bbox 1200 2457 1331 2521; x_wconf 89' lang='lat' dir='ltr'>domini</span> <span class='ocrx_word' id='word_1_151' title='bbox 1346 2458 1473 2521; x_wconf 83' lang='lat' dir='ltr'>volum·</span> <span class='ocrx_word' id='word_1_152' title='bbox 1583 2473 1584 2484; x_wconf 61' lang='lat'>¹</span> 
     </span>
     <span class='ocr_line' id='line_1_21' title="bbox 352 2543 1584 2630; baseline 0.002 -24"><span class='ocrx_word' id='word_1_153' title='bbox 352 2546 435 2621; x_wconf 89' lang='lat' dir='ltr'>tate,</span> <span class='ocrx_word' id='word_1_154' title='bbox 461 2543 618 2608; x_wconf 90' lang='lat' dir='ltr'>dominus</span> <span class='ocrx_word' id='word_1_155' title='bbox 641 2545 692 2608; x_wconf 90' lang='lat' dir='ltr'>ita</span> <span class='ocrx_word' id='word_1_156' title='bbox 715 2565 777 2628; x_wconf 91' lang='lat' dir='ltr'>pro</span> <span class='ocrx_word' id='word_1_157' title='bbox 800 2565 841 2610; x_wconf 89' lang='lat' dir='ltr'>eo</span> <span class='ocrx_word' id='word_1_158' title='bbox 865 2548 1047 2629; x_wconf 86' lang='lat' dir='ltr'>conponat,</span> <span class='ocrx_word' id='word_1_159' title='bbox 1072 2546 1162 2610; x_wconf 90' lang='lat' dir='ltr'>sieut</span> <span class='ocrx_word' id='word_1_160' title='bbox 1181 2547 1223 2610; x_wconf 93' lang='lat' dir='ltr'>de</span> <span class='ocrx_word' id='word_1_161' title='bbox 1239 2546 1398 2630; x_wconf 86' lang='lat' dir='ltr'>ingenuis</span> <span class='ocrx_word' id='word_1_162' title='bbox 1422 2549 1473 2610; x_wconf 92' lang='lat' dir='ltr'>est</span> <span class='ocrx_word' id='word_1_163' title='bbox 1582 2561 1584 2596; x_wconf 48' lang='grc' dir='ltr'><strong>Ι</strong></span> 
     </span>
    </p>
   </div>
   <div class='ocr_carea' id='block_1_15' title="bbox 353 2632 591 2697">
    <p class='ocr_par' dir='ltr' id='par_1_15' title="bbox 353 2632 591 2697">
     <span class='ocr_line' id='line_1_22' title="bbox 353 2632 591 2697; baseline -0.013 0"><span class='ocrx_word' id='word_1_164' title='bbox 353 2632 591 2697; x_wconf 87' lang='lat' dir='ltr'>constitutum.</span> 
     </span>
    </p>
   </div>
   <div class='ocr_carea' id='block_1_16' title="bbox 540 2913 1277 2980">
    <p class='ocr_par' dir='ltr' id='par_1_16' title="bbox 540 2913 1277 2980">
     <span class='ocr_line' id='line_1_23' title="bbox 540 2913 1277 2980; baseline 0 -2"><span class='ocrx_word' id='word_1_165' title='bbox 540 2915 631 2979; x_wconf 88' lang='lat' dir='ltr'><strong>IIII.</strong></span> <span class='ocrx_word' id='word_1_166' title='bbox 648 2913 863 2979; x_wconf 79' lang='lat' dir='ltr'>TITULUS:</span> <span class='ocrx_word' id='word_1_167' title='bbox 894 2914 957 2978; x_wconf 80' lang='lat' dir='ltr'>DE</span> <span class='ocrx_word' id='word_1_168' title='bbox 981 2916 1277 2980; x_wconf 78' lang='lat' dir='ltr'><strong>ADULTERIIS.</strong></span> 
     </span>
    </p>
   </div>
   <div class='ocr_carea' id='block_1_17' title="bbox 469 3057 1474 3210">
    <p class='ocr_par' dir='ltr' id='par_1_17' title="bbox 469 3057 1474 3210">
     <span class='ocr_line' id='line_1_24' title="bbox 469 3057 1474 3123; baseline 0.001 -2"><span class='ocrx_word' id='word_1_169' title='bbox 469 3058 498 3121; x_wconf 93' lang='lat' dir='ltr'>I.</span> <span class='ocrx_word' id='word_1_170' title='bbox 535 3057 572 3121; x_wconf 84' lang='lat' dir='ltr'>si</span> <span class='ocrx_word' id='word_1_171' title='bbox 595 3057 777 3122; x_wconf 90' lang='lat' dir='ltr'>conibente</span> <span class='ocrx_word' id='word_1_172' title='bbox 807 3060 868 3120; x_wconf 90' lang='lat' dir='ltr'>aut</span> <span class='ocrx_word' id='word_1_173' title='bbox 896 3077 966 3121; x_wconf 90' lang='lat' dir='ltr'>non</span> <span class='ocrx_word' id='word_1_174' title='bbox 994 3057 1198 3122; x_wconf 72' lang='lat' dir='ltr'>conibentea</span> <span class='ocrx_word' id='word_1_175' title='bbox 1224 3078 1365 3122; x_wconf 82' lang='lat' dir='ltr'>uxorem</span> <span class='ocrx_word' id='word_1_176' title='bbox 1397 3080 1474 3123; x_wconf 86' lang='lat' dir='ltr'>cum</span> 
     </span>
     <span class='ocr_line' id='line_1_25' title="bbox 534 3139 1077 3210; baseline -0.002 -1"><span class='ocrx_word' id='word_1_177' title='bbox 534 3147 602 3209; x_wconf 90' lang='lat' dir='ltr'>alio</span> <span class='ocrx_word' id='word_1_178' title='bbox 626 3147 700 3210; x_wconf 84' lang='lat' dir='ltr'>viro</span> <span class='ocrx_word' id='word_1_179' title='bbox 724 3139 953 3210; x_wconf 69' lang='lat' dir='ltr'>adulteriumh</span> <span class='ocrx_word' id='word_1_180' title='bbox 982 3146 1077 3209; x_wconf 70' lang='lat' dir='ltr'>fiat0.</span> 
     </span>
    </p>
   </div>
   <div class='ocr_carea' id='block_1_18' title="bbox 448 3233 1473 3319">
    <p class='ocr_par' dir='ltr' id='par_1_18' title="bbox 448 3233 1584 3334">
     <span class='ocr_line' id='line_1_26' title="bbox 448 3233 1473 3319; baseline 0.003 -22"><span class='ocrx_word' id='word_1_181' title='bbox 448 3234 497 3297; x_wconf 89' lang='grc' dir='ltr'>ΙΙ.</span> <span class='ocrx_word' id='word_1_182' title='bbox 534 3233 571 3298; x_wconf 86' lang='lat' dir='ltr'>Si</span> <span class='ocrx_word' id='word_1_183' title='bbox 608 3233 726 3318; x_wconf 88' lang='lat' dir='ltr'>puella</span> <span class='ocrx_word' id='word_1_184' title='bbox 762 3234 818 3299; x_wconf 83' lang='lat' dir='ltr'>vel</span> <span class='ocrx_word' id='word_1_185' title='bbox 856 3234 980 3298; x_wconf 87' lang='lat' dir='ltr'>mulier</span> <span class='ocrx_word' id='word_1_186' title='bbox 1019 3235 1218 3319; x_wconf 86' lang='lat' dir='ltr'>disponsata</span> <span class='ocrx_word' id='word_1_187' title='bbox 1261 3235 1473 3300; x_wconf 85' lang='lat' dir='ltr'>adulterasse</span> 
     </span>
    </p>
   </div>
   <div class='ocr_carea' id='block_1_19' title="bbox 408 3323 1468 3741">
    <p class='ocr_par' dir='ltr' id='par_1_19' title="bbox 408 3323 1468 3741">
     <span class='ocr_line' id='line_1_27' title="bbox 533 3323 759 3406; baseline 0 -22"><span class='ocrx_word' id='word_1_188' title='bbox 533 3323 759 3406; x_wconf 86' lang='lat' dir='ltr'>repperietur.</span> 
     </span>
     <span class='ocr_line' id='line_1_28' title="bbox 428 3406 994 3476; baseline -0.004 -2"><span class='ocrx_word' id='word_1_189' title='bbox 428 3411 499 3474; x_wconf 91' lang='grc' dir='ltr'><strong>ΙΙΙ.</strong></span> <span class='ocrx_word' id='word_1_190' title='bbox 534 3411 587 3474; x_wconf 89' lang='lat' dir='ltr'>De</span> <span class='ocrx_word' id='word_1_191' title='bbox 611 3406 842 3475; x_wconf 67' lang='lat' dir='ltr'>adulteriumd</span> <span class='ocrx_word' id='word_1_192' title='bbox 868 3411 994 3476; x_wconf 82' lang='lat' dir='ltr'>uxoris.</span> 
     </span>
     <span class='ocr_line' id='line_1_29' title="bbox 408 3499 1228 3565; baseline 0.002 -3"><span class='ocrx_word' id='word_1_193' title='bbox 408 3499 500 3563; x_wconf 91' lang='lat' dir='ltr'><strong>IIII.</strong></span> <span class='ocrx_word' id='word_1_194' title='bbox 535 3499 573 3562; x_wconf 77' lang='lat' dir='ltr'>Si</span> <span class='ocrx_word' id='word_1_195' title='bbox 595 3499 733 3563; x_wconf 84' lang='lat' dir='ltr'>adulter</span> <span class='ocrx_word' id='word_1_196' title='bbox 756 3520 835 3564; x_wconf 91' lang='lat' dir='ltr'>cum</span> <span class='ocrx_word' id='word_1_197' title='bbox 858 3499 1017 3563; x_wconf 90' lang='lat' dir='ltr'>adultera</span> <span class='ocrx_word' id='word_1_198' title='bbox 1040 3501 1228 3565; x_wconf 85' lang='lat' dir='ltr'>occidatur.</span> 
     </span>
     <span class='ocr_line' id='line_1_30' title="bbox 454 3587 1468 3672; baseline 0.001 -21"><span class='ocrx_word' id='word_1_199' title='bbox 454 3587 498 3668; x_wconf 64' lang='lat' dir='ltr'>Y.</span> <span class='ocrx_word' id='word_1_200' title='bbox 534 3587 572 3652; x_wconf 81' lang='lat' dir='ltr'>Si</span> <span class='ocrx_word' id='word_1_201' title='bbox 605 3590 705 3671; x_wconf 91' lang='lat' dir='ltr'>pater</span> <span class='ocrx_word' id='word_1_202' title='bbox 737 3588 793 3652; x_wconf 84' lang='lat' dir='ltr'>vel</span> <span class='ocrx_word' id='word_1_203' title='bbox 828 3589 1013 3672; x_wconf 86' lang='lat' dir='ltr'>propinqui</span> <span class='ocrx_word' id='word_1_204' title='bbox 1046 3589 1083 3651; x_wconf 92' lang='lat' dir='ltr'>in</span> <span class='ocrx_word' id='word_1_205' title='bbox 1118 3590 1219 3654; x_wconf 95' lang='lat' dir='ltr'>domo</span> <span class='ocrx_word' id='word_1_206' title='bbox 1254 3589 1468 3654; x_wconf 72' lang='lat' dir='ltr'>adulteram⁰</span> 
     </span>
     <span class='ocr_line' id='line_1_31' title="bbox 535 3676 865 3741; baseline -0.003 -2"><span class='ocrx_word' id='word_1_207' title='bbox 535 3676 725 3741; x_wconf 89' lang='lat' dir='ltr'>occiderint</span> <span class='ocrx_word' id='word_1_208' title='bbox 748 3677 865 3740; x_wconf 89' lang='lat' dir='ltr'>filiam.</span> 
     </span>
    </p>
   </div>
   <div class='ocr_carea' id='block_1_20' title="bbox 438 3759 1584 3850">
    <p class='ocr_par' dir='ltr' id='par_1_20' title="bbox 438 3759 1584 3850">
     <span class='ocr_line' id='line_1_32' title="bbox 438 3759 1584 3850; baseline 0.002 -23"><span class='ocrx_word' id='word_1_209' title='bbox 438 3764 499 3828; x_wconf 87' lang='lat' dir='ltr'>VI.</span> <span class='ocrx_word' id='word_1_210' title='bbox 536 3764 635 3844; x_wconf 79' lang='lat' dir='ltr'>Quod</span> <span class='ocrx_word' id='word_1_211' title='bbox 666 3765 754 3829; x_wconf 86' lang='lat' dir='ltr'>servi</span> <span class='ocrx_word' id='word_1_212' title='bbox 783 3759 986 3849; x_wconf 79' lang='lat' dir='ltr'>perventosf</span> <span class='ocrx_word' id='word_1_213' title='bbox 1014 3766 1189 3831; x_wconf 89' lang='lat' dir='ltr'>adulteros</span> <span class='ocrx_word' id='word_1_214' title='bbox 1219 3767 1373 3832; x_wconf 82' lang='lat' dir='ltr'>occidere</span> <span class='ocrx_word' id='word_1_215' title='bbox 1403 3787 1475 3830; x_wconf 95' lang='lat' dir='ltr'>non</span> <span class='ocrx_word' id='word_1_216' title='bbox 1582 3839 1584 3850; x_wconf 20' lang='lat' dir='ltr'><em>A</em></span> 
     </span>
    </p>
   </div>
   <div class='ocr_carea' id='block_1_21' title="bbox 535 3853 710 3918">
    <p class='ocr_par' dir='ltr' id='par_1_21' title="bbox 535 3853 710 3918">
     <span class='ocr_line' id='line_1_33' title="bbox 535 3853 710 3918; baseline -0.011 -2"><span class='ocrx_word' id='word_1_217' title='bbox 535 3853 710 3918; x_wconf 86' lang='lat' dir='ltr'>iubentur.</span> 
     </span>
    </p>
   </div>
   <div class='ocr_carea' id='block_1_22' title="bbox 354 4059 1475 4328">
    <p class='ocr_par' dir='ltr' id='par_1_22' title="bbox 354 4059 1475 4164">
     <span class='ocr_line' id='line_1_34' title="bbox 460 4059 1475 4112; baseline 0.004 -12"><span class='ocrx_word' id='word_1_218' title='bbox 460 4063 481 4110; x_wconf 86' lang='lat' dir='ltr'>e)</span> <span class='ocrx_word' id='word_1_219' title='bbox 495 4061 552 4112; x_wconf 73' lang='lat' dir='ltr'>deest</span> <span class='ocrx_word' id='word_1_220' title='bbox 565 4061 612 4105; x_wconf 63' lang='lat'>132.</span> <span class='ocrx_word' id='word_1_221' title='bbox 689 4061 752 4109; x_wconf 74' lang='lat' dir='ltr'>ord.</span> <span class='ocrx_word' id='word_1_222' title='bbox 766 4073 793 4104; x_wconf 91' lang='lat' dir='ltr'>m.</span> <span class='ocrx_word' id='word_1_223' title='bbox 803 4066 856 4112; x_wconf 75' lang='lat' dir='ltr'>port</span> <span class='ocrx_word' id='word_1_224' title='bbox 869 4073 926 4106; x_wconf 71' lang='lat' dir='ltr'>roro·⁴</span> <span class='ocrx_word' id='word_1_225' title='bbox 941 4063 1160 4112; x_wconf 83' lang='lat' dir='ltr'>repperianturBl.</span> <span class='ocrx_word' id='word_1_226' title='bbox 1240 4065 1262 4112; x_wconf 74' lang='lat' dir='ltr'>g)</span> <span class='ocrx_word' id='word_1_227' title='bbox 1277 4059 1413 4103; x_wconf 69' lang='lat' dir='ltr'>viduamne</span> <span class='ocrx_word' id='word_1_228' title='bbox 1428 4063 1475 4104; x_wconf 71' lang='lat'>122.</span> 
     </span>
     <span class='ocr_line' id='line_1_35' title="bbox 354 4114 877 4164; baseline 0.008 -11"><span class='ocrx_word' id='word_1_229' title='bbox 354 4114 377 4162; x_wconf 89' lang='lat' dir='ltr'>h)</span> <span class='ocrx_word' id='word_1_230' title='bbox 390 4115 537 4164; x_wconf 81' lang='lat' dir='ltr'>presumserit</span> <span class='ocrx_word' id='word_1_231' title='bbox 551 4135 577 4144; x_wconf 91' lang='lat'>-</span> <span class='ocrx_word' id='word_1_232' title='bbox 591 4114 710 4154; x_wconf 76' lang='lat' dir='ltr'>fecerit-</span> <span class='ocrx_word' id='word_1_233' title='bbox 724 4119 817 4164; x_wconf 76' lang='lat' dir='ltr'>cogatur</span> <span class='ocrx_word' id='word_1_234' title='bbox 831 4117 877 4158; x_wconf 75' lang='grc' dir='ltr'>ΕΙ.</span> 
     </span>
    </p>

    <p class='ocr_par' dir='ltr' id='par_1_23' title="bbox 459 4167 1475 4218">
     <span class='ocr_line' id='line_1_36' title="bbox 459 4167 1475 4218; baseline 0.006 -12"><span class='ocrx_word' id='word_1_235' title='bbox 459 4167 509 4210; x_wconf 81' lang='grc' dir='ltr'>ΧΠ.</span> <span class='ocrx_word' id='word_1_236' title='bbox 549 4169 572 4214; x_wconf 72' lang='grc' dir='ltr'>ι)</span> <span class='ocrx_word' id='word_1_237' title='bbox 586 4168 675 4206; x_wconf 62' lang='lat' dir='ltr'>maaca</span> <span class='ocrx_word' id='word_1_238' title='bbox 689 4169 747 4207; x_wconf 75' lang='lat' dir='ltr'>deest</span> <span class='ocrx_word' id='word_1_239' title='bbox 759 4169 805 4210; x_wconf 73' lang='lat' dir='ltr'>Re.</span> <span class='ocrx_word' id='word_1_240' title='bbox 859 4169 882 4217; x_wconf 81' lang='lat' dir='ltr'>h)</span> <span class='ocrx_word' id='word_1_241' title='bbox 896 4179 940 4217; x_wconf 85' lang='lat' dir='ltr'>que</span> <span class='ocrx_word' id='word_1_242' title='bbox 954 4180 972 4212; x_wconf 84' lang='lat' dir='ltr'>s.</span> <span class='ocrx_word' id='word_1_243' title='bbox 986 4179 1042 4216; x_wconf 84' lang='lat' dir='ltr'>quos</span> <span class='ocrx_word' id='word_1_244' title='bbox 1056 4169 1124 4208; x_wconf 74' lang='lat' dir='ltr'>dueta</span> <span class='ocrx_word' id='word_1_245' title='bbox 1137 4170 1198 4209; x_wconf 77' lang='lat' dir='ltr'>lectio</span> <span class='ocrx_word' id='word_1_246' title='bbox 1211 4170 1258 4212; x_wconf 80' lang='lat' dir='ltr'>Bl.</span> <span class='ocrx_word' id='word_1_247' title='bbox 1312 4173 1333 4218; x_wconf 86' lang='lat' dir='ltr'>o)</span> <span class='ocrx_word' id='word_1_248' title='bbox 1347 4174 1414 4218; x_wconf 72' lang='lat' dir='ltr'>rapto</span> <span class='ocrx_word' id='word_1_249' title='bbox 1427 4169 1475 4212; x_wconf 68' lang='lat' dir='ltr'>Bt.</span> 
     </span>
    </p>

    <p class='ocr_par' dir='ltr' id='par_1_24' title="bbox 354 4220 1475 4328">
     <span class='ocr_line' id='line_1_37' title="bbox 460 4220 1475 4274; baseline 0.001 -14"><span class='ocrx_word' id='word_1_250' title='bbox 460 4221 517 4264; x_wconf 79' lang='lat' dir='ltr'>TIT.</span> <span class='ocrx_word' id='word_1_251' title='bbox 531 4221 585 4263; x_wconf 88' lang='lat'>1111.</span> <span class='ocrx_word' id='word_1_252' title='bbox 626 4223 648 4270; x_wconf 78' lang='grc' dir='ltr'>ι)</span> <span class='ocrx_word' id='word_1_253' title='bbox 662 4220 755 4261; x_wconf 86' lang='lat' dir='ltr'>iubente</span> <span class='ocrx_word' id='word_1_254' title='bbox 768 4222 815 4264; x_wconf 70' lang='lat'>122.</span> <span class='ocrx_word' id='word_1_255' title='bbox 875 4222 899 4270; x_wconf 90' lang='lat' dir='ltr'>b)</span> <span class='ocrx_word' id='word_1_256' title='bbox 913 4233 932 4264; x_wconf 80' lang='lat' dir='ltr'>a.</span> <span class='ocrx_word' id='word_1_257' title='bbox 947 4223 962 4264; x_wconf 81' lang='lat' dir='ltr'>f.</span> <span class='ocrx_word' id='word_1_258' title='bbox 976 4223 1019 4264; x_wconf 82' lang='lat' dir='ltr'>des.</span> <span class='ocrx_word' id='word_1_259' title='bbox 1033 4223 1079 4265; x_wconf 74' lang='lat' dir='ltr'>Ra.</span> <span class='ocrx_word' id='word_1_260' title='bbox 1141 4224 1161 4269; x_wconf 89' lang='lat' dir='ltr'>c)</span> <span class='ocrx_word' id='word_1_261' title='bbox 1175 4223 1244 4263; x_wconf 80' lang='lat' dir='ltr'>faeiat</span> <span class='ocrx_word' id='word_1_262' title='bbox 1258 4223 1304 4265; x_wconf 79' lang='lat'>121.</span> <span class='ocrx_word' id='word_1_263' title='bbox 1372 4221 1397 4274; x_wconf 89' lang='lat' dir='ltr'>d)</span> <span class='ocrx_word' id='word_1_264' title='bbox 1410 4221 1475 4262; x_wconf 79' lang='lat' dir='ltr'>adul-</span> 
     </span>
     <span class='ocr_line' id='line_1_38' title="bbox 354 4271 1403 4328; baseline 0.003 -14"><span class='ocrx_word' id='word_1_265' title='bbox 354 4273 412 4314; x_wconf 84' lang='lat' dir='ltr'>terio</span> <span class='ocrx_word' id='word_1_266' title='bbox 425 4274 474 4317; x_wconf 75' lang='lat' dir='ltr'>Ra.</span> <span class='ocrx_word' id='word_1_267' title='bbox 530 4276 550 4323; x_wconf 85' lang='lat' dir='ltr'>e)</span> <span class='ocrx_word' id='word_1_268' title='bbox 564 4271 668 4314; x_wconf 72' lang='lat' dir='ltr'>adultera</span> <span class='ocrx_word' id='word_1_269' title='bbox 683 4284 702 4318; x_wconf 85' lang='lat' dir='ltr'>o.</span> <span class='ocrx_word' id='word_1_270' title='bbox 716 4273 763 4314; x_wconf 80' lang='lat' dir='ltr'>filiu</span> <span class='ocrx_word' id='word_1_271' title='bbox 776 4275 823 4318; x_wconf 77' lang='grc' dir='ltr'>ΕΙ.</span> <span class='ocrx_word' id='word_1_272' title='bbox 877 4275 941 4324; x_wconf 68' lang='lat' dir='ltr'>otte</span> <span class='ocrx_word' id='word_1_273' title='bbox 951 4285 996 4324; x_wconf 79' lang='lat' dir='ltr'>pro</span> <span class='ocrx_word' id='word_1_274' title='bbox 1010 4279 1132 4324; x_wconf 82' lang='lat' dir='ltr'>preventus</span> <span class='ocrx_word' id='word_1_275' title='bbox 1146 4277 1199 4328; x_wconf 70' lang='lat'>825</span> <span class='ocrx_word' id='word_1_276' title='bbox 1219 4280 1342 4325; x_wconf 84' lang='lat' dir='ltr'>perventus</span> <span class='ocrx_word' id='word_1_277' title='bbox 1356 4277 1403 4318; x_wconf 74' lang='lat'>121.</span> 
     </span>
    </p>
   </div>
   <div class='ocr_carea' id='block_1_23' title="bbox 354 4433 1475 4574">
    <p class='ocr_par' dir='ltr' id='par_1_25' title="bbox 354 4433 1475 4574">
     <span class='ocr_line' id='line_1_39' title="bbox 355 4433 1475 4502; baseline 0.002 -14"><span class='ocrx_word' id='word_1_278' title='bbox 355 4433 382 4500; x_wconf 82' lang='lat'>1)</span> <span class='ocrx_word' id='word_1_279' title='bbox 402 4434 443 4489; x_wconf 88' lang='lat' dir='ltr'>De</span> <span class='ocrx_word' id='word_1_280' title='bbox 465 4435 648 4487; x_wconf 77' lang='lat' dir='ltr'>rnatrimoniis</span> <span class='ocrx_word' id='word_1_281' title='bbox 672 4449 705 4486; x_wconf 74' lang='lat' dir='ltr'>aa</span> <span class='ocrx_word' id='word_1_282' title='bbox 726 4441 866 4502; x_wconf 74' lang='lat' dir='ltr'>praecepto</span> <span class='ocrx_word' id='word_1_283' title='bbox 890 4436 962 4500; x_wconf 71' lang='lat' dir='ltr'>repis</span> <span class='ocrx_word' id='word_1_284' title='bbox 986 4436 1128 4488; x_wconf 76' lang='lat' dir='ltr'>contractis</span> <span class='ocrx_word' id='word_1_285' title='bbox 1152 4436 1186 4500; x_wconf 78' lang='lat' dir='ltr'>cf.</span> <span class='ocrx_word' id='word_1_286' title='bbox 1212 4436 1293 4499; x_wconf 80' lang='lat' dir='ltr'>infra</span> <span class='ocrx_word' id='word_1_287' title='bbox 1316 4435 1371 4502; x_wconf 83' lang='grc' dir='ltr'><strong>ΙΙΙ,</strong></span> <span class='ocrx_word' id='word_1_288' title='bbox 1397 4436 1422 4502; x_wconf 83' lang='grc'>5,</span> <span class='ocrx_word' id='word_1_289' title='bbox 1444 4437 1475 4495; x_wconf 84' lang='grc'>1,·</span> 
     </span>
     <span class='ocr_line' id='line_1_40' title="bbox 354 4503 1429 4574; baseline 0.002 -18"><span class='ocrx_word' id='word_1_290' title='bbox 354 4523 376 4560; x_wconf 80' lang='lat' dir='ltr'>r.</span> <span class='ocrx_word' id='word_1_291' title='bbox 396 4505 489 4571; x_wconf 80' lang='lat' dir='ltr'>Dalm,</span> <span class='ocrx_word' id='word_1_292' title='bbox 510 4505 635 4570; x_wconf 70' lang='lat' dir='ltr'>‘Kdniye&#39;</span> <span class='ocrx_word' id='word_1_293' title='bbox 652 4503 716 4571; x_wconf 68' lang='lat'>1⁷1²,</span> <span class='ocrx_word' id='word_1_294' title='bbox 733 4521 763 4572; x_wconf 81' lang='lat' dir='ltr'>p.</span> <span class='ocrx_word' id='word_1_295' title='bbox 775 4506 828 4561; x_wconf 87' lang='grc'>499</span> <span class='ocrx_word' id='word_1_296' title='bbox 841 4521 894 4572; x_wconf 78' lang='lat' dir='ltr'>sq.‚·</span> <span class='ocrx_word' id='word_1_297' title='bbox 913 4506 1049 4572; x_wconf 65' lang='lat' dir='ltr'>Breuem,</span> <span class='ocrx_word' id='word_1_298' title='bbox 1071 4506 1116 4562; x_wconf 58' lang='grc' dir='ltr'>ί1).</span> <span class='ocrx_word' id='word_1_299' title='bbox 1135 4506 1206 4561; x_wconf 70' lang='lat' dir='ltr'>Re!</span> <span class='ocrx_word' id='word_1_300' title='bbox 1224 4506 1263 4572; x_wconf 92' lang='grc' dir='ltr'>ΙΙ,</span> <span class='ocrx_word' id='word_1_301' title='bbox 1280 4523 1310 4574; x_wconf 76' lang='lat' dir='ltr'>p.</span> <span class='ocrx_word' id='word_1_302' title='bbox 1323 4507 1358 4561; x_wconf 78' lang='lat'>56</span> <span class='ocrx_word' id='word_1_303' title='bbox 1370 4523 1429 4572; x_wconf 76' lang='lat' dir='ltr'>eq.-</span> 
     </span>
    </p>
   </div>
   <div class='ocr_carea' id='block_1_24' title="bbox 1582 3993 1584 4644">
    <p class='ocr_par' dir='ltr' id='par_1_26' title="bbox 1582 3993 1584 4644">
     <span class='ocr_line' id='line_1_41' title="bbox 1582 3993 1584 4046; baseline 0 0"><span class='ocrx_word' id='word_1_304' title='bbox 1582 3993 1584 4046; x_wconf 82' lang='lat' dir='ltr'>l</span> 
     </span>
     <span class='ocr_line' id='line_1_42' title="bbox 1582 4047 1584 4096; baseline 0 0"><span class='ocrx_word' id='word_1_305' title='bbox 1582 4047 1584 4096; x_wconf 79' lang='lat' dir='ltr'>l</span> 
     </span>
     <span class='ocr_line' id='line_1_43' title="bbox 1582 4295 1584 4334; baseline 0 0"><span class='ocrx_word' id='word_1_306' title='bbox 1582 4295 1584 4334; x_wconf 77' lang='lat' dir='ltr'>l</span> 
     </span>
     <span class='ocr_line' id='line_1_44' title="bbox 1582 4575 1584 4602; baseline 0 0"><span class='ocrx_word' id='word_1_307' title='bbox 1582 4575 1584 4602; x_wconf 62' lang='lat' dir='ltr'>t</span> 
     </span>
     <span class='ocr_line' id='line_1_45' title="bbox 1582 4605 1584 4644; baseline 0 0"><span class='ocrx_word' id='word_1_308' title='bbox 1582 4605 1584 4644; x_wconf 77' lang='lat' dir='ltr'>l</span> 
     </span>
    </p>
   </div>
   <div class='ocr_carea' id='block_1_25' title="bbox 0 0 1614 5202">
    <p class='ocr_par' dir='ltr' id='par_1_27' title="bbox 0 0 1614 5202">
     <span class='ocr_line' id='line_1_46' title="bbox 0 0 1614 5202; baseline 0 0"><span class='ocrx_word' id='word_1_309' title='bbox 0 0 1614 5202; x_wconf 95' lang='lat' dir='ltr'> </span> 
     </span>
    </p>
   </div>
  </div>
 </body>
</html>
