3264 5206
324 549 378 603 212
497 545 575 601 tux
592 545 708 605 vlsm.
727 545 997 604 succussvmo.
1033 545 1100 617 VH,
1119 551 1145 616 2,
1163 550 1206 605 19.
1225 551 1268 604 20.

697 723 825 779 xvim.
859 722 1073 793 ANTIQUAa.

413 835 473 900 De
502 835 756 900 hereditate
780 839 821 901 ct
844 828 1203 901 successoribusb
1230 835 1355 899 iuris.

431 958 490 1023 Si¹
518 959 593 1044 quis
623 959 695 1023 furi
724 963 861 1024 mortuo
891 961 927 1024 in
958 959 1152 1025 hereditate
1183 962 1244 1024 sut
1273 979 1315 1024 ex
1343 962 1448 1023 testu·

323 1052 440 1113 mento
471 1051 533 1113 cut
560 1067 602 1114 ex
629 1049 806 1131 sanguinis
834 1049 1093 1133 propinquitate
1123 1048 1334 1124 successerit,
1365 1048 1449 1132 quic

324 1138 453 1202 crimen
476 1157 555 1201 cum
577 1136 655 1202 iure
679 1137 837 1215 defeciti,
862 1158 987 1222 penum
1010 1138 1149 1221 quidem
1171 1157 1242 1201 non
1264 1137 1444 1212 sustinect,

324 1226 384 1290 sed
408 1226 572 1289 domnum
595 1225 841 1290 satisfactionis
865 1226 1010 1303 exolvat,
1035 1227 1128 1309 quod
1150 1226 1218 1303 fur,
1243 1225 1272 1289 ri
1294 1225 1446 1302 vixisset,

323 1314 439 1378 fueret
469 1314 680 1378 soluturusi.
727 1313 764 1378 Si
794 1317 910 1378 eutem
941 1316 1051 1379 maius
1075 1317 1128 1379 est
1151 1315 1315 1379 damnum
1342 1334 1446 1398 quom

324 1403 508 1481 heredites,
532 1403 640 1467 iaciat
664 1403 862 1468 cessionem.

726 1608 790 1665 xx.
821 1607 1036 1678 ANTIQUA2.

323 1721 383 1786 De
403 1722 488 1799 his,
512 1714 611 1804 quib
629 1721 750 1785 furer
771 1724 846 1785 aut
864 1742 960 1786 reos
981 1725 1134 1805 captos
1155 1721 1445 1786 excusserint.

430 1844 468 1909 si
490 1845 566 1928 quis
589 1845 703 1908 furem
727 1849 866 1929 captum
890 1848 952 1909 sut
974 1865 1072 1909 reum
1095 1845 1200 1908 elicui
1221 1845 1442 1920 excusserit0,

324 1934 352 1997 si
375 1933 513 1997 maioris
536 1933 604 1997 loci
627 1954 774 2017 persons
797 1936 859 2010 est,
884 1937 1045 1998 extensus
1061 1953 1175 1997 eorem
1192 1933 1340 1997 iudicem
1357 1928 1441 2016 pro(1

323 2021 397 2085 solu
420 2023 689 2105 presumtionem
712 2033 734 2088 0
756 2022 896 2105 flagella
923 2022 1088 2106 suscipiat
1111 2025 1147 2086 et
1169 2041 1272 2105 quem
1296 2022 1444 2086 excussit

322 2114 560 2194 representare
590 2113 743 2194 cogetur.
791 2110 891 2190 Quod
920 2111 948 2175 si
976 2111 1066 2175 alter
1088 2131 1167 2175 eum
1195 2110 1442 2194 prendiderit0,

324 2199 421 2262 cuius
437 2218 541 2263 ceusu
555 2202 704 2276 nonest,
729 2200 771 2265 de
795 2220 837 2263 eu
860 2199 1104 2284 conpositione,
1130 2219 1232 2282 quam
1256 2199 1314 2262 fur
1329 2199 1443 2262 fucere

323 2279 493 2371 poterstf,
525 2309 587 2371 pro
617 2287 735 2352 labore
765 2308 827 2351 suo
857 2291 1016 2372 quartam
1042 2290 1177 2372 purtem
1201 2287 1359 2372 accipiet.
1405 2287 1443 2350 Si

322 2378 439 2440 autem
461 2376 520 2440 iur
534 2377 696 2441 inventus
718 2398 788 2441 non
807 2376 924 2454 fuerit,
948 2377 1018 2440 ium
1040 2379 1125 2441 tunc
1149 2380 1185 2441 et
1207 2397 1332 2460 penem
1354 2376 1443 2439 iuris

322 2464 382 2548 qui
412 2465 504 2529 hunc
533 2465 682 2529 excussit
712 2465 865 2549 perferat
895 2469 930 2530 et
957 2468 1095 2529 tentum
1119 2466 1161 2529 de
1186 2485 1247 2530 suo
1270 2466 1343 2548 ipse
1367 2486 1443 2528 con·

322 2556 439 2637 ponat,
471 2557 639 2637 quantum
668 2554 735 2632 fur,
772 2574 872 2638 quem
904 2557 1109 2632 excusserat,
1141 2554 1317 2618 convictus
1347 2553 1442 2617 sctis·

321 2642 435 2706 iacere
459 2645 630 2726 potuerat.
677 2643 714 2706 Si
730 2647 823 2708 certe
845 2643 957 2707 minor
972 2663 1118 2726 persona
1140 2642 1247 2706 fuerit
1270 2645 1306 2706 et
1328 2642 1442 2707 iurem
1471 2671 1504 2710 a.

321 2731 646 2814 representeveritss,
672 2752 733 2816 pro
757 2732 990 2816 presumtione
1014 2731 1087 2795 solo
1110 2732 1242 2815 etipse
1266 2730 1442 2814 Oflagelle

322 2819 496 2903 suscipiat.
543 2820 580 2883 si
608 2823 724 2884 autem
751 2820 810 2883 fur
832 2813 1012 2884 invenireh
1038 2841 1109 2883 nou
1131 2821 1294 2903 potuerit,
1324 2822 1359 2883 et
1387 2839 1441 2903 pe·

321 2929 401 2971 nom
423 2908 511 2972 furis
534 2911 570 2972 et
594 2909 719 2972 damna
741 2909 814 2994 ipse
833 2909 1012 2974 sustineat.
1047 2908 1138 2972 Nem
1152 2909 1182 2972 si
1197 2911 1312 2992 preter
1327 2907 1441 2972 iurem

321 2997 463 3061 alterius
493 2997 645 3061 criminis
679 2998 885 3081 quicumque
916 3017 1014 3062 reum
1044 2997 1244 3074 excusserit,
1280 2996 1441 3060 similiter

321 3084 504 3169 cflagello
527 3088 687 3150 extensus
711 3087 874 3170 accipiat,
901 3089 937 3150 et
960 3087 989 3150 si
1012 3107 1091 3150 eum
1113 3085 1267 3151 invenire
1289 3085 1345 3149 vei
1368 3106 1442 3169 pre·

321 3177 455 3238 sentare
489 3175 696 3257 nequiverit,
733 3175 843 3239 eidem
877 3175 1041 3239 continuo
1070 3175 1222 3239 vindicte
1253 3175 1439 3251 subiaceat,

321 3283 424 3345 quam
453 3256 567 3327 reum¹
597 3262 712 3338 iilum,
748 3263 808 3347 qui
837 3284 998 3328 excussus
1028 3267 1094 3339 est,
1125 3262 1248 3345 legalis
1278 3256 1437 3326 sanctio¹1

320 3351 394 3435 pati
423 3353 646 3415 demonstrat.
694 3351 730 3415 Si
752 3373 833 3416 vero
861 3372 978 3417 servus
1006 3352 1145 3416 domino
1173 3352 1348 3430 nesciente
1372 3351 1442 3414 ists

321 3440 527 3517 commiserit,
551 3458 613 3523 pro
629 3441 861 3524 presumtione
877 3451 922 3506 cc
937 3440 1077 3524 flagella
1092 3440 1257 3524 suscipiat
1280 3443 1316 3504 et
1338 3460 1439 3522 quem

320 3528 469 3592 excussit
484 3531 706 3611 representet.
742 3527 854 3607 Quem
870 3529 899 3592 si
914 3550 985 3593 non
1000 3529 1258 3613 presentaverit,
1280 3529 1441 3592 dominus

320 3617 402 3693 eius,
435 3617 463 3679 si
485 3615 644 3694 voluerit,
674 3639 736 3702 pro
760 3637 800 3682 eo
824 3638 990 3682 summam
1016 3617 1261 3702 conpositionis
1285 3616 1436 3694 exolvat3

320 3705 412 3786 quod
428 3705 457 3767 si
473 3725 664 3788 conponere
680 3705 840 3783 noluerit,
865 3707 962 3769 iuxta
979 3706 1108 3770 crimen
1124 3699 1281 3771 admissi¹
1304 3726 1439 3769 servum

320 3796 381 3856 aut
404 3814 465 3878 pro
490 3794 614 3859 damno
638 3797 699 3858 aut
722 3816 783 3878 pro
807 3795 976 3879 supplicio
999 3796 1125 3858 tradat.

425 4002 520 4044 xvim
561 4004 583 4050 u)
596 4003 653 4041 dccci
666 4003 715 4045 122.
769 4003 792 4050 b)
806 4003 985 4043 successionibus
1000 4003 1049 4044 Bl.
1103 4001 1260 4050 occursurus
1274 4002 1323 4044 Bi.
1337 4002 1384 4042 Ei.

425 4056 472 4098 XX.
512 4056 534 4103 s)
548 4056 604 4094 deest
618 4057 666 4098 Rs.
721 4056 744 4103 b)
758 4057 848 4105 quicum
862 4057 909 4099 121.
964 4058 984 4104 c)
999 4056 1140 4096 excusserint
1153 4056 1200 4099 121.
1255 4053 1279 4106 d)
1292 4065 1333 4104 pro
1347 4066 1365 4097 s.
1379 4064 1441 4103 pres.

313 4108 362 4150 des.
376 4108 425 4151 122,
479 4110 500 4157 e)
514 4110 546 4147 ita
560 4109 581 4147 Ε
589 4110 608 4152 1,
617 4109 642 4161 i;
656 4106 783 4158 prodiderit
796 4110 816 4148 R
825 4111 844 4152 1.
854 4109 873 4152 2.
926 4109 945 4158 i)
958 4109 1058 4158 potuerit
1071 4109 1091 4148 B
1100 4109 1120 4152 2.
1134 4109 1155 4147 Ε
1162 4109 1181 4150 2,
1235 4110 1258 4157 g)
1271 4109 1441 4156 praecuraverit

319 4161 430 4205 Ram.
491 4163 515 4210 h)
529 4162 628 4202 inveniri
642 4163 753 4205 uum.
815 4163 893 4210 i)rem
907 4163 954 4205 ΕΙ,
1012 4161 1189 4211 nunciom.
1247 4161 1439 4211 i)itaRl.Eii;

318 4212 399 4254 admisi
413 4216 434 4254 Ε
443 4218 465 4266 1;
481 4213 598 4255 admisisse
612 4216 661 4257 122.

320 4374 346 4442 1)
358 4375 398 4438 Cf.
409 4375 533 4442 suprcV,
545 4375 569 4440 6,
581 4375 612 4436 6,·
625 4373 655 4428 0.
665 4373 756 4426 Siohbe
768 4374 798 4425 in
807 4374 914 4428 Bciciccr
922 4381 946 4427 et
955 4374 1072 4441 Muthcr,
1083 4373 1243 4426 ‘Jahrcurt’
1256 4374 1286 4439 V,
1297 4390 1325 4440 p.
1336 4373 1388 4426 297
1399 4388 1436 4438 sq,

318 4448 371 4500 326
383 4462 453 4512 sqq.,·
471 4446 565 4511 Lcwio,
581 4445 739 4497 ‘Succession
751 4446 797 4498 des
808 4446 898 4498 Drion
916 4448 946 4497 in
962 4446 1005 4497 die
1018 4445 1200 4511 obligatiores
1213 4445 1258 4496 des
1270 4443 1441 4496 Erbhrsscrs'

315 4535 342 4584 p.
358 4518 409 4571 156
422 4533 476 4583 sqq.
548 4517 576 4584 2)
593 4516 634 4581 Cf.
654 4532 740 4583 supra
757 4516 803 4583 VI,
818 4519 843 4583 1,
859 4519 883 4583 7,
900 4535 929 4584 p.
944 4519 1004 4583 181,
1023 4533 1051 4572 n.
1066 4520 1090 4572 1.
