3198 5202
231 591 233 594 Ι
323 520 401 574 LEX
419 520 533 577 VlSIG.
553 520 821 578 succussvmn.
858 520 1083 592 Vm,1,1-3.
1213 527 1266 580 227

259 696 283 753 Ι,
314 696 482 753 FLAVIUS
501 697 715 754 GLORIOSUS
733 696 1043 754 REOOESSVINDUS
1061 697 1150 754 REX.

145 809 201 873 Ut
239 808 358 873 solus
393 812 606 893 patronus
640 810 709 874 vel
748 811 947 874 dominus
985 810 1260 894 culpaviles⁸

145 898 401 975 habeantur,
428 899 464 962 si
486 899 648 963 eisdem
672 898 932 963 iubentibus
955 899 1172 983 ingenuus
1195 900 1263 964 vel

384 1007 534 1051 servus
561 987 745 1051 inlicita
772 990 1022 1072 operentur.

250 1092 327 1156 Hoc
362 1093 600 1177 principaliter
633 1093 786 1177 generali
816 1094 993 1158 sanctione
1024 1098 1192 1172 censetur,
1223 1098 1263 1158 ut

143 1182 254 1246 omnis
276 1182 448 1265 ingennus
471 1183 582 1264 adque
603 1183 708 1246 etiam
724 1182 870 1246 libertus
887 1186 948 1246 aut
964 1203 1090 1259 servus,
1115 1183 1144 1247 si
1159 1185 1263 1266 quod-

144 1290 289 1353 cumque
312 1270 485 1334 inlicitum
508 1271 650 1335 iubente
673 1274 819 1355 patrono
835 1270 891 1334 vel
907 1271 1046 1335 domino
1063 1292 1124 1334 suo
1140 1270 1262 1336 fecisse

143 1359 371 1441 cognoscitur,
416 1361 460 1423 ad
499 1379 634 1424 ornnem
674 1359 948 1424 satisfactionem
987 1361 1262 1443 conpositionnm

142 1450 308 1532 patronus
342 1446 398 1512 vel
433 1447 592 1511 dominus
626 1447 766 1511 obnoxii
799 1450 986 1512 teneantur
996 1447 1016 1509 ¹.
1073 1447 1164 1512 Nam
1202 1449 1263 1531 qui

143 1537 215 1600 eius
250 1529 484 1600 iussionibusb
523 1535 757 1601 obedientiam
792 1535 1007 1614 detulerunt,
1044 1536 1256 1620 culparilesa

142 1624 263 1688 haberi
292 1644 362 1687 non
392 1628 566 1708 poterunt,
598 1644 703 1707 quare
735 1644 805 1687 non
833 1645 894 1688 suo
924 1644 1072 1702 excessu,
1104 1626 1164 1689 sed
1194 1647 1261 1689 ma·

141 1713 223 1776 ioris
246 1713 390 1797 imperio
414 1715 450 1777 id
475 1714 670 1778 conmisisse
694 1713 894 1797 probantur.

558 1901 598 1958 n.
613 1983 615 1988 Ι
628 1899 805 1970 Annona
814 1911 841 1954 ι.

204 2013 248 2077 Si
278 2034 503 2097 possessor
533 2034 607 2098 per
637 2014 898 2078 violentiam
929 2013 1193 2097 expellatur.

249 2118 482 2202 Quicumque²
501 2120 671 2185 violenter
694 2120 865 2205 expulerit
888 2119 1129 2204 possidentem,
1154 2120 1260 2204 prius-

140 2229 244 2292 quam
270 2229 331 2293 pro
362 2209 437 2292 ipso
466 2209 590 2273 iudicis
620 2201 817 2274 sententiab
845 2210 1024 2292 procedat,
1061 2209 1090 2272 si
1122 2228 1259 2273 causam

140 2297 316 2362 meliorem
331 2297 503 2375 habuerit,
527 2299 638 2382 ipsam
654 2318 803 2373 causam,
828 2297 871 2362 de
887 2317 957 2380 qua
976 2298 1101 2381 agitur,
1126 2298 1258 2382 perdat.

140 2385 207 2449 Hle
230 2405 320 2463 vero,
354 2387 414 2469 qui
435 2385 638 2451 violentiam
669 2386 828 2470 pertulit,
859 2387 1020 2451 universa
1049 2386 1086 2449 in
1115 2386 1258 2462 istatu⁰‚

139 2494 207 2557 quo
236 2475 387 2548 fuerant,
417 2475 564 2559 recipiat
593 2475 685 2558 quod
715 2474 868 2558 possedit
896 2477 932 2538 et
960 2494 1099 2538 securus
1128 2476 1258 2538 teneat.

141 2562 177 2626 Si
199 2583 280 2628 vero
308 2563 398 2627 illud
427 2563 563 2640 invasit,
595 2564 686 2647 quod
717 2583 779 2647 per
807 2563 974 2627 iudicium
1003 2563 1160 2626 obtinere
1190 2583 1259 2625 non

140 2653 264 2736 potuit,
289 2654 325 2716 et
348 2672 485 2715 causam
510 2652 649 2715 amittat
673 2654 709 2716 et
732 2652 821 2714 aliut
843 2654 991 2728 tantum,
1020 2653 1189 2734 quantum
1211 2651 1259 2713 in·

139 2741 238 2818 rasit,
261 2741 387 2804 reddat
410 2740 561 2824 expulso.

547 2910 603 2967 ur.
633 2909 846 2979 Αιιιιριιιι.

185 3023 229 3086 Si
251 3023 303 3088 ad
327 3024 576 3088 faciendam
600 3023 746 3088 cedem
768 3023 899 3086 turba
922 3022 1206 3085 coadunetur.

247 3129 337 3208 Qui³
367 3131 411 3193 ad
440 3129 636 3194 faciendam
666 3129 785 3194 cedem
814 3120 959 3193 turbasb
988 3127 1256 3210 congregaverit,

140 3221 201 3281 aut
231 3219 290 3300 qui
320 3219 524 3282 seditionem
554 3218 670 3294 alteri,
705 3218 798 3282 unde
828 3216 1077 3281 contumelium
1107 3216 1257 3298 corporis

139 3307 276 3384 sentiat,
305 3306 429 3371 fecerit
451 3306 506 3371 vel
529 3307 725 3371 faciendam
753 3305 949 3370 incitaverit
972 3307 1033 3367 aut
1055 3303 1256 3388 preceperit,

138 3416 218 3458 mox
246 3395 351 3459 iudex
379 3395 466 3460 facti
496 3395 626 3459 crimen
655 3394 844 3480 agnoverit,
873 3413 952 3459 eum
980 3392 1257 3476 conprehendere

137 3504 209 3547 non
231 3486 400 3560 moretur;
425 3484 476 3547 ita
491 3486 532 3546 ut
551 3486 657 3567 caput
679 3483 801 3546 huius⁰
824 3482 971 3558 sceleris,
995 3481 1140 3545 infamia
1162 3483 1257 3543 nota·

138 3573 204 3648 tus,
234 3575 393 3636 extensus
423 3571 562 3657 publice
593 3592 708 3636 coram
734 3572 849 3636 iudice
872 3582 897 3635 1.
918 3569 1058 3653 flagella
1080 3569 1255 3652 suscipiat,

139 3663 174 3724 et
196 3681 324 3738 omnes,
350 3661 410 3743 qui
436 3680 514 3724 cum
541 3681 581 3725 ec
601 3661 760 3725 venerint
783 3660 838 3724 vel
861 3654 946 3742 qui‘¹
969 3658 1127 3734 iecerint,
1151 3658 1257 3720 nomi·

138 3769 221 3813 nare
250 3752 402 3833 cogatur,
430 3753 480 3826 ut,
510 3748 539 3812 si
566 3749 604 3812 in
631 3749 703 3814 cius
729 3748 921 3833 patrocinio
944 3767 1015 3810 non
1038 3749 1129 3823 sunt,
1157 3765 1258 3810 unus

244 3939 262 3980 1.
303 3938 326 3990 a)
340 3939 463 3988 culpabiles
478 3940 498 3978 R
507 3939 526 3982 2.
580 3939 604 3986 b)
617 3939 674 3978 deest
687 3939 734 3981 121.

244 3992 274 4034 ΙΙ.
314 3993 337 4040 a)
350 3993 407 4031 dccet
421 3993 441 4030 R
450 3993 469 4034 2.
524 3993 548 4040 b)
561 3993 696 4032 sententiam
710 3993 758 4034 Bl.
812 3993 834 4040 e)
847 3993 931 4030 statum
945 3991 965 4028 Β
974 3989 994 4032 2.

244 4045 286 4087 Ill.
327 4047 350 4094 a)
363 4046 420 4084 deest
433 4046 482 4088 122.
536 4046 560 4094 b)
574 4046 641 4084 turba
654 4047 701 4088 121.
755 4046 776 4093 c)
789 4045 846 4083 dccet
860 4045 906 4086 121.
960 4040 984 4091 d)
998 4040 1053 4091 qnid
1067 4042 1115 4084 122.

138 4203 164 4271 1)
183 4203 224 4268 Of.
243 4220 328 4272 supro
344 4193 407 4270 VII,
427 4207 454 4272 2,
473 4205 491 4260 5
509 4211 533 4257 et
550 4221 577 4258 n.
590 4207 616 4270 2,
634 4222 662 4272 p.
674 4205 737 4260 207.
830 4203 858 4270 2)
874 4203 932 4254 Lea
949 4218 982 4254 ac
1000 4203 1060 4253 iure
1077 4201 1197 4252 Romano
1215 4216 1257 4252 re·

137 4282 209 4342 cepta
226 4282 280 4337 est,·
298 4276 333 4339 cf.
352 4275 384 4329 L.
398 4276 474 4329 Rom.
490 4276 544 4329 Via
559 4275 587 4329 G.
601 4276 649 4329 Th.
668 4276 709 4343 II,
728 4277 781 4336 20,·
798 4275 849 4340 IV,
863 4276 906 4339 20,
920 4276 954 4335 3,·
972 4273 1024 4338 IX,
1039 4275 1064 4337 7,
1078 4275 1104 4326 2.
1168 4271 1196 4337 3)
1214 4270 1256 4334 Cf.

136 4345 169 4398 L.
187 4347 264 4399 Rom,
279 4346 334 4400 Vis.
353 4346 432 4400 Paul.
450 4347 480 4412 V,
501 4349 526 4412 3,
542 4348 567 4401 1.
603 4348 644 4398 Dc
661 4346 829 4411 facinoribus
845 4361 904 4397 cum
922 4343 1093 4396 adiutoribus
1110 4342 1150 4394 ccl
1166 4348 1256 4393 corrru-

137 4416 226 4468 dcrm'o
250 4419 404 4483 conmittis,
431 4418 468 4469 ad
492 4434 559 4484 quac
584 4418 647 4470 baec
664 4424 688 4470 et
706 4424 837 4484 sequentes
862 4417 928 4481 leaeo
952 4420 1076 4482 spectant,
1103 4415 1137 4478 cf.
1155 4413 1255 4477 wilda,

139 4487 308 4552 ‘Strcfrccht’
323 4505 352 4555 p.
366 4490 419 4543 612
431 4504 501 4555 sqq.,·
520 4489 656 4554 Brunncr,
678 4488 722 4543 ‘D.
736 4489 806 4544 Re!
824 4487 864 4553 II,
883 4504 910 4554 p.
922 4487 975 4541 570
987 4502 1041 4552 sqq.

989 4587 1041 4644 15*
