3264 5206
322 528 374 582 176
540 522 618 578 Lux
636 521 751 579 VISIG.
770 521 1040 579 aneensem).
1077 522 1130 592 VI,
1150 527 1174 591 1,
1193 526 1218 579 2.

540 700 580 757 H.
611 699 779 756 ruamus
798 699 1113 756 OHINDASVINDUS
1131 698 1218 756 REX.

366 815 446 879 Pro
474 813 632 897 quibus
658 812 787 878 rebus
815 816 857 877 et
884 812 1081 896 qualiter
1108 812 1396 896 ingenuorum

473 922 656 988 persone
680 902 903 966 subdende
927 904 1028 965 sunt
1050 901 1285 984 questioni.

429 1008 488 1074 Sil
509 1009 547 1072 in
570 1007 806 1074 criminalibus
830 1008 941 1072 causis
965 1006 1180 1073 discretionis
1203 1009 1326 1072 modus
1346 1008 1441 1072 amit·

320 1099 418 1175 titur,
448 1098 707 1162 criminatorum
730 1095 865 1160 malitia
887 1116 1103 1180 nequaquam
1130 1096 1298 1160 frenatam.
1345 1096 1441 1160 Ideo-

321 1209 397 1271 que,
429 1187 458 1251 si
487 1187 524 1250 in
554 1205 657 1250 causa
685 1185 779 1268 regie
809 1185 991 1269 potestatis
1014 1185 1070 1249 vel
1096 1185 1210 1269 gentis
1240 1187 1301 1250 aut
1330 1185 1441 1268 patrie

322 1297 383 1342 seu
405 1275 584 1340 homicidii
605 1273 661 1338 vel
684 1273 847 1338 adulterii
874 1272 1031 1356 equalem
1059 1273 1125 1337 sibi
1151 1272 1360 1338 nobilitatel
1386 1274 1442 1338 vel

322 1365 519 1450 dignitatel
546 1362 692 1448 palatini
715 1361 823 1426 officii
845 1362 1051 1446 quicumque
1082 1362 1315 1427 accusandum
1339 1363 1442 1427 credi-

323 1454 422 1531 derit,
446 1453 575 1518 habeat
597 1452 692 1535 prius
708 1451 870 1515 fiduciam
885 1450 1130 1536 conprobandi,
1154 1451 1247 1533 quod
1265 1449 1383 1528 obicit,
1408 1454 1442 1515 et

322 1543 371 1608 sic
400 1541 553 1607 alienum
583 1540 786 1624 sanguinem
814 1542 940 1604 temtet
970 1539 1136 1624 inpetere.
1184 1538 1284 1618 Quod
1312 1540 1341 1603 si
1368 1560 1441 1623 pro·

323 1633 404 1696 bare
427 1650 497 1696 non
520 1629 682 1714 potuerit,
708 1647 822 1693 coram
838 1628 992 1712 principe
1007 1628 1063 1692 vel
1078 1629 1142 1706 his,
1167 1647 1252 1712 quos
1276 1647 1338 1691 sua
1353 1629 1441 1712 prin·

323 1741 402 1805 ceps
432 1719 639 1784 auctoritate
669 1717 874 1802 preceperit,
904 1717 1012 1780 trium
1041 1717 1184 1782 testium
1214 1717 1442 1801 suscriptione

321 1809 483 1873 roborata
498 1805 697 1890 inscriptio²
712 1805 783 1883 fiat,
801 1805 901 1871 etsie
917 1804 1106 1889 questionis
1122 1825 1266 1870 examen
1283 1805 1439 1889 incipiat;

322 1898 373 1961 ita
402 1900 442 1960 ut
472 1896 531 1978 qui
561 1895 722 1959 subditur
751 1894 937 1978 questioni,
971 1894 1000 1958 si
1028 1894 1135 1958 innox
1165 1897 1341 1958 tormenta
1369 1914 1440 1977 per·

321 1985 457 2062 tulerit,
490 1986 669 2048 accusator
699 1983 731 2046 ei
759 1983 942 2047 confestim
972 1983 1160 2048 serviturus
1189 1983 1358 2059 tradatur,
1389 1985 1439 2058 ut,

323 2074 418 2138 salva
446 2075 585 2137 tantum
614 2071 738 2148 anima,
769 2072 862 2154 quod
891 2072 928 2134 in
956 2092 997 2136 eo
1024 2092 1180 2136 exercere
1207 2070 1356 2135 voluerit
1385 2071 1440 2135 vel

324 2163 366 2227 de
388 2154 522 2226 istatul’
550 2161 623 2225 eius
650 2160 803 2224 iudicare
826 2158 1005 2242 elegerit⁰‚
1036 2161 1073 2223 in
1101 2160 1244 2224 arbitrio
1274 2180 1335 2224 suo
1366 2179 1441 2224 con·

323 2251 434 2315 sistat.
480 2249 591 2328 ludex
619 2252 738 2314 tamen
760 2249 850 2313 hanc
875 2247 1046 2312 cautelam
1070 2269 1203 2314 servare
1227 2248 1377 2326 debebit,
1402 2251 1441 2311 ut
1470 2277 1501 2323 a.

324 2342 503 2404 accusator
526 2359 662 2403 omnem
688 2338 740 2402 rei
766 2338 922 2402 ordinem
945 2337 1081 2421 scriptis
1104 2340 1254 2422 exponat
1277 2340 1312 2402 et
1335 2337 1442 2401 iudici

324 2427 459 2492 occulte
486 2430 698 2512 presentans,
728 2426 776 2490 sic
799 2427 989 2509 questionis
1013 2426 1222 2491 examinatio
1245 2425 1322 2503 aaa
1354 2430 1390 2490 et
1413 2425 1442 2488 si

323 2515 1442 2670 {luliiiiii?lils335ss⁰llrilrlli⁰ll⁵selltliltlsaflill

322 2694 456 2759 bendus
484 2697 546 2759 est.
594 2692 695 2758 Oerte
724 2693 753 2756 si
780 2691 868 2756 aliut
896 2692 1003 2756 dictio
1032 2692 1239 2756 accusatoris
1269 2692 1440 2768 habuerit,

323 2782 412 2846 aliut
435 2783 508 2847 eius
531 2781 710 2858 confessio,
734 2781 795 2864 qui
810 2780 971 2844 subditur
985 2781 1165 2864 questioni,
1190 2781 1272 2865 quia
1290 2780 1443 2852 dubitari

322 2892 392 2935 non
415 2873 539 2955 potest,
564 2870 656 2954 quod
679 2889 741 2954 per
755 2872 929 2934 tormenta
944 2869 1009 2946 sibi
1025 2869 1154 2934 crimen
1169 2869 1324 2953 inponat,
1347 2889 1443 2953 opor-

321 2958 412 3024 tebit
442 2963 676 3024 accusatorem
706 2959 890 3043 superioris
920 2958 1006 3042 legis
1033 2958 1136 3022 huius
1167 2959 1338 3034 sententie
1367 2957 1442 3021 sub·

321 3049 443 3112 iacere.
480 3047 581 3127 Quod
603 3047 633 3110 si
655 3049 843 3124 accusator,
868 3047 1066 3131 priusquam
1082 3046 1218 3122 occulte
1233 3047 1341 3111 iudici
1355 3046 1442 3110 noti·

321 3138 408 3201 tiam
435 3137 561 3214 tradat,
593 3138 655 3200 aut
683 3156 744 3221 per
771 3155 807 3200 se
837 3138 899 3198 aut
928 3155 990 3219 per
1016 3134 1206 3218 quemlibet
1230 3137 1273 3200 de
1295 3155 1342 3212 re,
1373 3155 1443 3218 qua

323 3228 476 3303 accusat,
513 3227 593 3309 per⁶
626 3225 780 3289 ordinem
803 3224 1016 3306 ‘instruxerit
1050 3244 1153 3307 quem
1183 3227 1336 3302 accusat,
1371 3244 1442 3287 non

322 3314 426 3379 liceat
448 3313 557 3378 iudici
579 3317 778 3377 accusatum
801 3312 947 3377 subdere
963 3313 1254 3396 questioni;cum
1270 3333 1331 3396 per
1346 3332 1442 3376 accu-

322 3403 445 3468 satoris
472 3403 543 3466 iam
568 3395 757 3483 indicium‘
783 3402 959 3479 detectum
990 3404 1125 3485 constet
1155 3421 1195 3466 ac
1225 3400 1442 3485 publicatum

323 3511 396 3575 esse
425 3490 613 3575 negotium.
667 3489 796 3554 Similis
826 3510 960 3573 quoque
991 3493 1041 3570 et
1057 3490 1099 3554 de
1130 3489 1253 3554 ceteris
1287 3489 1440 3573 personis

321 3579 481 3664 ingenuis
515 3579 599 3643 ordo
634 3580 819 3644 servandus
854 3581 915 3643 est.
973 3577 1063 3643 Nam
1099 3579 1128 3642 si
1162 3578 1339 3663 capitalia,
1375 3598 1441 3661 que

322 3689 426 3753 supra
453 3670 574 3732 taxata
604 3671 697 3745 sunt,
734 3670 896 3732 accusata
928 3671 999 3731 non
1033 3667 1178 3744 fuerint,
1215 3666 1274 3732 sed
1306 3667 1441 3730 furtum

321 3757 455 3821 factum
471 3756 599 3822 dicitur
613 3756 669 3820 vel
684 3757 927 3839 quocumqueli
948 3756 1130 3834 inlicitum,
1155 3756 1185 3820 si
1206 3758 1441 3834 trecentorum
1471 3785 1500 3822 a.
1539 3806 1542 3811 .

322 3866 456 3908 summa
484 3848 537 3910 est
571 3844 759 3909 solidorum
791 3837 873 3929 vall
911 3844 1072 3929 amplius,
1110 3845 1333 3929 inscriptione
1369 3864 1440 3928 pre·

322 3934 426 3998 missa
452 3933 651 3999 subdendus
679 3937 732 3998 est
758 3933 931 4016 questioni
957 3927 1034 4016 qui¹
1064 3934 1207 4019 petitur.
1259 3932 1296 3997 si
1323 3936 1440 3998 autem
1471 3961 1502 4000 a.

322 4023 414 4086 actio
457 4023 598 4087 minoris
637 4025 691 4088 est
728 4023 948 4106 quantitatis,
994 4042 1097 4104 quam
1112 4097 1115 4102 ,
1132 4022 1289 4099 ¹trecenti
1330 4015 1437 4086 suntk
1471 4051 1499 4088 v.

322 4111 437 4189 solidi,
466 4131 527 4195 per
554 4111 793 4196 probationem
821 4111 998 4176 convictus
1025 4112 1085 4194 qui
1112 4114 1294 4176 accusatur
1324 4129 1441 4176 secun-

428 4266 459 4309 11.
498 4268 521 4315 a)
535 4265 677 4306 nobilitatem
690 4265 728 4304 vel
741 4261 875 4314 dignitatem
888 4264 936 4307 121.
1009 4265 1033 4315 b)
1046 4269 1108 4306 statu
1121 4264 1171 4308 Bi.
1248 4267 1269 4314 a)
1282 4265 1381 4306 voluerit
1394 4264 1441 4306 ΕΙ.

321 4317 345 4369 d)
360 4319 440 4361 ian.
481 4321 502 4368 e)
512 4319 797 4369 per-secmatdw.R1.
837 4316 1033 4366 niudiciumlti.
1073 4316 1442 4368 paraproquodcumqucrra.

322 4374 346 4422 h)
360 4373 397 4413 vel
411 4372 506 4420 amplius
520 4393 547 4402 -
560 4369 690 4412 subdendus
705 4375 740 4411 eat
757 4373 800 4414 cles.
814 4372 863 4414 122.
921 4372 938 4426 l)
951 4373 1036 4422 petitor
1045 4384 1090 4422 pro
1104 4373 1144 4422 qul
1158 4384 1180 4423 p.
1193 4372 1242 4415 122.
1296 4371 1320 4421 k)
1334 4371 1381 4412 sint
1394 4371 1441 4414 ΕΙ,

323 4497 349 4564 1)
361 4496 402 4562 Cf.
415 4497 447 4549 dc
459 4495 509 4548 hoc
522 4496 575 4562 layo
588 4494 679 4563 Dabo,
692 4496 800 4562 ‘Westa
810 4496 898 4550 stud!
908 4513 937 4564 p.
946 4498 999 4552 282
1008 4513 1062 4564 sqq.
1111 4497 1140 4566 2)
1152 4497 1194 4562 Cf.
1207 4497 1286 4562 infra
1300 4496 1361 4564 VII,
1377 4498 1401 4552 1.
1414 4498 1442 4551 5.
