3264 5206
337 555 389 609 148
495 551 574 606 Lnx
592 550 708 607 VISIG.
727 550 996 609 Rnoonssvmo.
1032 553 1069 622 V,
1088 557 1114 619 2,
1132 556 1158 610 6.
1172 557 1201 621 73
1224 557 1250 620 3,
1264 557 1288 610 1.

336 734 410 798 iure
437 733 622 818 possideat,
654 737 690 799 et
718 734 770 797 ita
799 737 877 818 post
907 735 980 799 eius
1010 738 1158 800 mortem
1185 737 1230 801 ad
1257 735 1367 813 illum,
1399 738 1458 801 oui

337 822 529 899 donaverit,
565 842 619 887 res
654 824 783 887 donata
816 823 1003 906 pertineat,
1039 817 1146 906 quial
1179 824 1370 889 similitudo
1404 830 1457 890 est

335 912 549 988 testamenti,
592 910 736 976 habebit
777 911 953 976 licentiam
993 913 1191 977 inmutandi
1229 913 1457 978 volumtatem

335 1020 442 1076 suam,
474 999 612 1083 quando
634 999 792 1076 voluerit,
824 1000 929 1064 etiam
959 1001 988 1064 si
1017 1001 1055 1063 in
1081 1000 1180 1065 nullo
1210 1001 1320 1066 lesum
1347 1003 1457 1067 fuisse

336 1108 371 1153 se
396 1088 531 1153 dixerit.
577 1087 645 1152 Ille
667 1108 757 1165 vero,
787 1088 847 1172 qui
873 1088 963 1152 falsa
992 1090 1178 1154 donatione
1201 1089 1458 1178 circumventus

336 1176 467 1259 aliquid
496 1177 533 1239 in
560 1176 751 1241 utilitatem
781 1176 958 1242 donatoris
989 1172 1186 1261 expendit¹,
1217 1181 1279 1242 aut
1309 1178 1353 1243 ab
1381 1180 1457 1263 ipso

336 1266 503 1329 donatore
536 1265 695 1350 recipiat,
732 1269 793 1330 aut
828 1265 871 1330 ab
906 1265 980 1330 eius
1015 1265 1212 1345 heredibus,
1248 1288 1293 1332 ne
1327 1268 1457 1332 iniuste

336 1354 462 1416 damna
491 1354 674 1431 sustineat,
706 1354 765 1437 qui
795 1353 929 1418 lucrum
960 1374 996 1419 se
1026 1355 1152 1420 habere
1184 1356 1226 1420 de
1256 1356 1353 1420 inani
1383 1377 1458 1441 pro-

335 1442 495 1506 missione
519 1442 676 1526 putabat.

735 1576 803 1634 VII.
833 1576 1046 1646 ANTIQUAa.

336 1688 396 1753 De
429 1688 558 1753 rebus
592 1689 711 1754 inter
745 1689 948 1754 maritum
983 1694 1025 1754 et
1059 1711 1233 1756 uxorem
1267 1692 1457 1756 invicem

462 1803 464 1808 ’
830 1779 957 1842 datis.

442 1883 590 1947 Maritus
624 1883 653 1946 si
682 1883 781 1947 uxori
815 1903 875 1949 sue
909 1884 1041 1968 aliquid
1075 1886 1268 1965 donaverit,
1305 1888 1348 1951 de
1378 1888 1455 1963 hoc„

335 1971 427 2055 quod
450 1964 544 2055 ipsab
572 1970 663 2035 sibi⁸
690 1972 817 2037 habere
840 1972 999 2050 voluerit,
1028 1975 1199 2058 scriptura
1225 1995 1346 2038 manus
1371 1981 1452 2040 sue⁰

335 2060 562 2144 suscriptione
592 2059 647 2124 vel
678 2060 776 2144 signo
806 2062 999 2139 confirmet,
1035 2062 1086 2126 ita
1114 2066 1155 2125 ut
1186 2063 1254 2126 duo
1290 2067 1350 2126 aut
1384 2068 1457 2128 tres

334 2152 440 2212 testes
464 2148 607 2232 ingenui
629 2149 853 2233 suscriptores
875 2148 931 2214 vel
955 2150 1054 2233 signa
1075 2151 1243 2216 facientes
1272 2153 1455 2228 accedent;

336 2237 442 2301 etsie
465 2237 637 2300 volumtas
659 2237 767 2322 ipsius
790 2237 919 2304 habeat
942 2239 1153 2304 firmitatem.
1200 2239 1329 2304 Similis
1353 2245 1388 2305 et
1413 2242 1456 2305 de

335 2326 450 2389 uxoris
472 2325 673 2404 volumtate,
700 2345 766 2409 que
789 2327 826 2388 in
850 2327 1012 2390 meritum
1035 2328 1192 2392 conferre
1215 2328 1373 2406 voluerit,
1399 2331 1456 2393 do·

335 2414 485 2477 nationis
513 2414 576 2478 hee
603 2414 716 2478 forma
744 2418 907 2492 servetur,
939 2415 968 2478 si
994 2419 1113 2480 tamen
1135 2417 1305 2491 violenter
1330 2438 1350 2480 a
1372 2418 1456 2481 viris

335 2519 405 2566 non
425 2503 541 2567 'fuerit
571 2507 692 2567 exacte
722 2503 879 2580 donatio;
916 2507 1051 2568 servata
1080 2505 1197 2588 legum
1228 2506 1265 2568 in
1296 2505 1456 2570 omnibus

336 2591 526 2668 sanctione,
565 2611 632 2674 que
670 2592 708 2655 in
742 2592 966 2656 decernendis
1001 2592 1230 2658 facultatibus
1265 2595 1457 2659 dinoscitur

336 2679 495 2744 ordinata
518 2680 714 2744 consistere.
1365 2686 1368 2690 ’

336 2925 631 2991 HLTITULUS:
657 2926 719 2989 DE
743 2926 1064 3024 PATRQNORUM
1087 2928 1456 2996 DONATIONIBUS.

430 3050 459 3114 I.
496 3049 533 3113 si
555 3049 619 3128 his,
645 3051 704 3133 qui
727 3050 763 3113 in
779 3051 971 3175 patrocinio
991 3053 1200 3118 constitutus
1216 3057 1279 3132 est,
1295 3055 1351 3119 vel
1367 3055 1452 3118 filii*

497 3139 570 3202 eius
593 3141 777 3223 patronum
824 3141 887 3202 aut
909 3139 997 3204 filios
1020 3143 1159 3225 patroni
1181 3142 1389 3230 relinquant.

410 3227 460 3290 II.
496 3225 550 3290 De
580 3226 692 3304 armis,
719 3223 790 3311 'que
819 3228 947 3292 dantur
975 3230 1148 3294 saionibus
1178 3231 1235 3293 ίιιο
1263 3233 1457 3316 patrocinio

497 3315 704 3392 constitutis,
730 3317 766 3380 et
789 3316 832 3380 de
856 3314 1143 3399 adquisitionibus
1166 3338 1295 3383 eorum.

390 3402 461 3467 ΙΙΙ.
496 3402 549 3468 De
563 3403 674 3554 lrzlirss
697 3403 735 3464 in
757 3405 948 3486 patrocinio
972 3407 1173 3489 conquisitis
1192 3407 1247 3473 vel
1270 3429 1291 3472 a
1310 3413 1458 3493 patrono

372 3579 461 3643 IIII.
497 3510 562 3643 clo?
573 3511 676 3643 debus
699 3579 737 3642 in
758 3581 951 3664 patrocinio
975 3584 1125 3668 acceptis
1148 3587 1185 3648 et
1207 3585 1419 3669 conquisitis.

763 3732 786 3789 1.
817 3733 1029 3805 ANTIQUAa.

339 3844 382 3908 si
410 3845 494 3921 his,
523 3845 596 3927 qui
622 3845 668 3908 in
694 3847 947 3928 patrocinio
976 3848 1252 3914 constitutus
1282 3837 1363 3928 est,
1388 3851 1458 3915 vel

337 3931 434 3995 filii
464 3932 556 3997 eius
586 3935 818 4017 patronum
848 3938 924 3998 aut
954 3935 1082 4000 filios
1114 3939 1292 4021 patroni
1324 3938 1458 4004 relin-

838 4016 985 4087 uansb.

185 4120 329 4218 *wil-5¹⁴*
446 4126 582 4211 Siquis
606 4127 647 4203 ei,
676 4137 778 4209 quem
804 4043 841 4190 ll
864 4130 1056 4212 patrocinio
1079 4130 1250 4210 habuerit,
1281 4153 1376 4198 arma
1404 4135 1459 4198 de·

340 4215 430 4280 derit
458 4215 514 4280 vel
544 4215 675 4299 aliquid
705 4216 897 4294 donaverit,
931 4221 1016 4301 aput
1047 4219 1161 4303 ipsum
1192 4241 1258 4304 que
1289 4225 1370 4285 sunt
1403 4223 1459 4286 do·

445 4369 470 4418 k)
484 4370 583 4419 quim.
637 4369 653 4416 l)
667 4369 700 4407 lto
714 4367 1044 4421 utinamutinam.
1199 4395 1211 4423 χ
1338 4395 1360 4421 -,

446 4423 497 4466 VIL
530 4425 559 4470 a)
573 4423 630 4461 decet
643 4422 692 4465 132.
746 4423 769 4472 b)
784 4423 840 4471 lece.-
853 4424 932 4472 ipsam.
986 4426 1007 4472 c)
1020 4435 1101 4466 manue
1111 4437 1156 4474 pro
1169 4437 1199 4470 m.
1213 4437 1253 4468 sue
1267 4427 1315 4472 121.

445 4475 559 4518 mmm.
600 4475 688 4523 a)filiis
704 4475 750 4518 121.
804 4476 997 4526 mpetronom.
1052 4478 1143 4526 odeat
1158 4481 1204 4524 Rl.
1341 4488 1343 4492 ·

446 4529 464 4572 L
505 4530 527 4578 a)
540 4530 597 4568 decet
611 4529 660 4571 122.
712 4529 736 4577 b)
750 4528 865 4577 relinquat
878 4530 924 4574 ΕΙ,
