3218 5202
342 544 420 601 unx
438 543 554 602 VISIG.
571 544 842 602 aneenssvmn.
877 545 933 614 111,
951 549 977 614 4,
995 549 1074 603 5-8.
1219 549 1271 604 106

151 730 242 814 qnod
269 729 419 793 voluerit
449 729 577 793 habeat
607 731 825 812 potestatem.
872 728 1038 795 Similiter
1060 732 1097 794 et
1119 723 1265 793 iratresb

150 819 223 973 ἓξ
251 819 368 902 patrui
398 821 476 901 post
505 817 638 881 obitum
672 818 780 902 patris
808 817 961 882 faciendi
990 816 1142 882 habeant
1171 817 1270 882 liber-

225 928 269 969 m.

251 1112 303 1170 VI.
334 1111 502 1168 FLAVIUS
521 1111 736 1168 GLORIOSUS
755 1111 1064 1168 Raecnssvmnus
1082 1111 1170 1169 Rex.

153 1242 273 1322 Quod
301 1243 416 1308 servi
444 1245 679 1395 perventobs
707 1242 936 1307 adulteros
959 1242 1161 1307 occidere
1188 1264 1271 1306 non

600 1331 645 1394 in
682 1334 821 1394 entur

259 1455 357 1520 Sicut
380 1455 581 1539 parentibus
608 1455 646 1516 in
669 1454 771 1518 domo
793 1457 972 1540 reppertos
995 1454 1170 1518 adulteros
1193 1475 1271 1538 neg·

152 1564 229 1609 care
253 1543 463 1619 conceditur,
491 1543 542 1611 ita
565 1545 747 1628 perventos
771 1565 791 1607 a
814 1544 919 1608 servis
967 1543 1065 1607 erimi
1087 1564 1157 1607 non
1180 1543 1270 1608 inbe-

151 1637 243 1696 tnr⁸.
298 1632 366 1697 Sed
400 1653 479 1696 curn
509 1651 566 1696 eos
596 1631 684 1695 servi
712 1632 929 1716 reppererint
960 1683 966 1708 ,
1003 1631 1066 1695 snb
1101 1632 1265 1697 honesta⁶

152 1721 309 1786 custodia
330 1723 483 1796 teneant,
515 1714 644 1784 doneed
668 1723 749 1783 aut⁰
774 1719 913 1799 domino
936 1720 1057 1784 domus
1081 1724 1142 1784 aut
1165 1721 1272 1785 indici

151 1810 397 1894 presentandos
425 1809 595 1886 exibeant,
628 1812 663 1872 et
687 1810 841 1873 detectos
864 1809 967 1873 certis
990 1810 1126 1874 indiciis
1149 1809 1271 1893 legalis

152 1918 240 1982 pena
264 1891 465 1982 precellatf.

568 2085 636 2142 vn.
666 2084 850 2155 sumone

151 2217 195 2282 si
229 2217 380 2301 puella
413 2216 482 2281 vel
516 2216 648 2280 vidua
682 2216 733 2279 ad
768 2216 934 2280 domum
973 2216 1161 2281 alterius
1196 2237 1271 2301 pro

150 2305 401 2370 adulterio⁸
434 2305 624 2381 venerit,
659 2297 859 2388 eamqueb
893 2305 959 2369 vir
989 2305 1082 2389 ipse
1112 2306 1271 2370 habere

506 2393 733 2476 coniugem
762 2393 904 2458 vellit.

258 2517 295 2582 Si
320 2517 458 2644 puella⁰
486 2517 637 2600 ingenua
664 2517 734 2582 sire
756 2516 862 2580 vidua
889 2518 933 2581 ad
960 2518 1100 2582 domum
1123 2519 1271 2583 alienam

149 2607 315 2672 adulterii
362 2606 654 2690 perpetrationem
678 2607 885 2682 convenerit,
914 2609 950 2670 et
976 2607 1087 2690 ipsam
1110 2607 1170 2672 ille
1192 2629 1271 2672 uxo-

148 2717 222 2761 rem
252 2696 379 2760 habere
408 2695 571 2770 ¹voluerit,
607 2697 643 2758 et
673 2696 846 2779 parentes,
882 2697 923 2757 ut
953 2715 988 2759 se
1018 2696 1183 2772 habeant,
1216 2697 1271 2760 ad-

148 2786 342 2869 quiescant:
367 2783 427 2848 ille
450 2783 600 2867 pretium
617 2782 677 2846 det
692 2783 902 2866 parentibus,
927 2787 1095 2866 quantum
1111 2788 1271 2868 parentes

148 2873 265 2958 puelle
288 2872 421 2947 rellint‚
444 2872 501 2936 rel
524 2873 692 2955 quantum
715 2871 748 2936 ei
771 2892 849 2935 cum
871 2872 947 2956 ipsa
970 2871 1167 2937 muliereme
1196 2894 1271 2938 con-

150 2963 266 3027 venire
290 2959 452 3045 potuerit.
499 2959 626 3025 Mulier
640 2979 721 3024 vero
746 2960 788 3024 de
807 2964 990 3044 parentum
1012 2960 1115 3025 rebus
1138 2961 1270 3025 nullam

21 3081 23 3106 v
147 3052 241 3202 {pter
271 3047 397 3114 fratres
428 3069 516 3125 suos,
547 3048 615 3112 nisi
644 3051 804 3131 parentes
827 3049 1009 3126 voluerint,
1041 3050 1168 3114 habeat
1198 3072 1271 3134 por-

21 3195 22 3216 ,
177 3159 290 3204 onem.

559 3307 642 3365 vm.
673 3306 858 3378 sumone

149 3441 193 3504 Si
222 3439 380 3504 mulier
407 3440 623 3522 ingenua³
651 3440 807 3521 sponte
835 3438 1059 3504 adulterio
1088 3439 1271 3503 cuicum-

165 3525 170 3536 '
462 3547 541 3611 que
572 3547 614 3591 se
644 3527 827 3591 misceat
855 3528 959 3590 viro.

258 3651 296 3716 Si
329 3652 481 3735 ingenua
515 3650 639 3716 mulier
674 3644 896 3734 cuicumqueb
931 3651 1008 3715 viro*
1034 3672 1070 3715 se
1100 3651 1271 3724 adulterio

23 3747 25 3838 ζ
148 3734 288 3805 rolensb
317 3741 492 3804 miscuisse
516 3740 700 3822 detegitur,
733 3739 762 3802 si
785 3759 860 3803 eam
883 3740 956 3824 ipse
979 3760 1120 3804 uxorem
1144 3740 1271 3805 habere

148 3829 309 3906 voluerit,
341 3830 468 3893 habeat
499 3831 717 3913 potestatem.
769 3827 824 3890 81⁰
854 3831 971 3892 autem
998 3828 1158 3904 noluerit,
1191 3849 1271 3894 suae

148 3919 300 4002 imputet
330 3917 445 4001 culpe,
481 3911 568 4000 qued
602 3937 638 3980 se
669 3916 839 3980 adulterio
869 3916 987 3981 rolens
1017 3917 1192 3982 miscuisse
1220 3938 1272 3982 co-

149 4007 337 4090 gnoscitur.

257 4211 324 4310 &Leo
338 4213 482 4315 illimem
495 4265 542 4309 122.
603 4265 626 4314 b)
641 4265 792 4315 repperierlut
805 4266 852 4308 121.
906 4269 927 4315 c)
941 4266 1060 4308 honestate
1074 4267 1121 4310 131.
1174 4264 1198 4316 d)
1212 4265 1273 4316 quon

151 4331 193 4362 use
206 4320 253 4362 Rs.
308 4323 330 4368 e)
343 4317 374 4360 ad
388 4317 504 4362 dominum
517 4319 564 4361 121.
618 4319 815 4369 oprecelst1213
835 4319 1019 4369 loyerpercellat

258 4372 309 4415 VII.
340 4375 363 4421 a)
376 4371 513 4416 adulterium
529 4372 575 4414 Bt.
616 4372 639 4421 b)
653 4377 679 4412 ut
693 4382 765 4420 esque
779 4373 825 4416 ΕΙ.
866 4375 887 4421 c)
900 4373 998 4423 puellam
1012 4374 1058 4417 1³1.
1100 4372 1123 4423 d)
1136 4372 1273 4415 adulterium

25 4415 26 4434 ³
151 4425 363 4477 numennumen
418 4428 439 4474 e)
453 4425 547 4466 muliere
561 4425 607 4468 Ra.

258 4479 321 4522 vm.
368 4481 390 4527 ι)
409 4480 530 4529 lugentem
545 4479 591 4522 121.
673 4477 696 4527 b)
716 4477 797 4527 cuique
811 4487 836 4518 se
850 4478 900 4518 vlro
914 4479 993 4519 volens
1007 4480 1053 4522 121.
1134 4483 1155 4530 e)
1173 4480 1213 4520 Sln
1227 4479 1272 4522 122.

26 4547 27 4584 ,
153 4531 323 4584 numnam
343 4541 365 4582 qs
380 4533 425 4575 nr.
