3218 5202
327 524 362 578 90
551 519 630 574 LEX
647 517 762 574 v1s1s.
780 517 1049 576 Ruccnssvmu.
1085 517 1229 588 111‚1‚5.
1594 561 1597 606 l

549 696 585 754 V.
616 695 785 752 FLAVIUS
804 694 1119 752 GHINDASVINDUS
1137 695 1226 752 REX.

372 809 432 873 De
463 809 720 892 quantitate
751 828 894 872 rerum
924 807 1243 873 conscribende
1274 806 1402 870 dotis.

1595 737 1597 770 Ι

1592 811 1597 896 l

434 913 543 980 Oum¹
567 915 610 979 de
634 914 773 978 dotibus
797 915 931 978 diversa
954 934 1034 998 sepe
1057 914 1149 978 inter
1171 913 1342 978 nubentes
1365 913 1450 977 oria·

326 1007 385 1066 tur
407 1004 566 1077 intentio,
591 1003 817 1087 plurimorum
842 1003 882 1066 fit
905 1002 1078 1066 hutilitati
1101 1002 1306 1078 consultum,
1331 1001 1361 1065 si
1384 1003 1450 1066 evi·

329 1092 433 1156 dens³
464 1092 515 1156 rei
544 1091 647 1155 huius
677 1083 873 1155 institutiob
900 1091 989 1154 nihil
1018 1090 1112 1154 ultra
1141 1091 1315 1174 relinquat
1344 1090 1450 1164 ambi·
1594 1095 1598 1116 ¹

329 1201 444 1264 guum.
502 1180 728 1244 Decernimus
766 1179 874 1263 igitur
912 1180 977 1243 hac
1015 1179 1102 1263 legis
1140 1179 1243 1242 huius
1278 1179 1450 1263 perpetim
1594 1159 1597 1240 l

330 1271 507 1334 servatura
525 1269 721 1333 sanctionee
743 1288 929 1344 censemus,
954 1271 994 1331 ut
1015 1268 1221 1351 quicumque
1246 1262 1308 1331 erd
1327 1267 1452 1351 palatii
1596 1273 1597 1296 ³

329 1357 440 1420 nostri
466 1357 671 1441 primatibus
693 1356 749 1420 vel
773 1357 964 1421 senioribus
987 1357 1120 1440 gentis⁶
1150 1355 1320 1421 Gotorum
1342 1355 1451 1418 filiam

330 1446 472 1509 alterius
501 1445 557 1510 vel
588 1445 773 1510 cuiuslibet
807 1445 963 1510 relictam
995 1444 1067 1508 filio
1096 1465 1159 1508 suo
1188 1444 1383 1528 poposcerit
1412 1444 1451 1506 in

330 1533 489 1617 coniugio
509 1533 748 1618 copulandam,
773 1553 833 1598 seu
857 1532 1009 1616 quisquis
1033 1554 1074 1597 ex
1098 1526 1276 1616 predictof
1295 1532 1451 1597 ordinem

329 1642 469 1686 uxorem
493 1622 559 1685 sibi
582 1622 752 1706 helegerit
768 1622 1004 1706 expetendam,
1029 1642 1099 1685 non
1118 1621 1266 1705 amplius
1281 1621 1318 1684 in
1334 1620 1451 1704 puelle
1595 1698 1596 1702 Ἰ

329 1711 384 1775 vel
415 1710 568 1774 mulieris
597 1711 735 1775 nomine
766 1711 856 1774 dotis
886 1710 1014 1774 titulog
1040 1710 1196 1774 conferat
1223 1709 1278 1774 vel
1307 1710 1451 1773 conscri-

330 1793 429 1874 bath‚
454 1799 556 1863 rebus
572 1799 730 1863 omnibus
750 1799 965 1874 intromissis,
990 1819 1092 1881 quam
1107 1799 1200 1881 quod
1216 1798 1451 1882 adpretiatum

329 1887 583 1951 rationabiliter
598 1885 693 1951 mille
716 1887 904 1951 solidorum
918 1887 1033 1952 valere
1058 1907 1224 1950 summam
1244 1887 1449 1963 constiterit,

331 1975 441 2058 adque
471 1975 612 2059 insuper
633 1987 662 2040 X
685 1996 818 2060 pueros,
849 1987 877 2040 X
900 1973 1033 2060 puellas
1062 1979 1097 2039 et
1125 1975 1276 2039 caballos
1299 1975 1377 2040 XX²
1405 1975 1451 2038 sit

330 2064 384 2127 illi
414 2064 651 2128 conscribendi
682 2065 853 2147 dandique
882 2085 1043 2128 concessa
1064 2063 1223 2140 libertas;
1255 2064 1306 2126 ita
1335 2066 1376 2126 ut
1408 2064 1450 2127 de
1477 2093 1500 2130 v.

330 2152 384 2215 his
408 2152 566 2216 omnibus
589 2152 692 2217 rebus
714 2152 750 2215 in
775 2153 934 2236 coniugio
958 2152 1082 2216 mulier
1106 2153 1298 2236 adsumpta,
1327 2153 1357 2215 si
1379 2173 1451 2216 non

329 2241 507 2323 reliquerit
524 2239 622 2316 filios,
646 2241 761 2305 facere
778 2242 869 2323 quod
884 2240 1034 2305 voluerit
1055 2233 1217 2304 liberam¹
1237 2261 1272 2305 se
1288 2235 1447 2304 noueritk

329 2329 456 2393 habere
485 2329 672 2406 licentiam,
704 2332 765 2392 aut
789 2331 818 2394 si
840 2330 1007 2394 intestata
1031 2323 1248 2406 decesserit¹‚
1280 2329 1324 2392 ad
1352 2329 1450 2392 mari·

327 2422 404 2480 tum
428 2421 488 2480 aut
512 2418 588 2481 adnn
611 2418 821 2502 propinquos
844 2418 961 2481 mariti
985 2418 1127 2482 heredes
1146 2418 1287 2482 eademn
1308 2418 1449 2482 donatio

328 2507 457 2570 redeat.
511 2505 584 2570 Nec
615 2507 681 2570 erit
710 2506 805 2569 ultra
836 2506 972 2570 licitum
1007 2506 1122 2590 puelle
1157 2506 1358 2590 parentibus
1389 2526 1449 2570 seu

329 2595 433 2659 etiam
468 2595 583 2678 puelle
616 2595 671 2659 vel
706 2595 843 2658 mulieri
877 2595 920 2658 ab
955 2595 1092 2678 isponso
1126 2594 1182 2658 vel
1216 2595 1259 2658 ab
1294 2595 1444 2678 isponsi⁰

328 2683 553 2767 parentibusl’
587 2684 666 2767 plus
696 2683 883 2766 quidquam
913 2687 1030 2767 petere
1060 2683 1115 2747 vel
1147 2683 1185 2745 in
1217 2703 1278 2746 suo
1309 2683 1448 2747 nomine

329 2772 613 2836 conscribendum
637 2771 766 2848 obtare,
797 2773 865 2835 nisi
892 2775 1061 2855 quantum
1088 2777 1212 2836 nunc¹¹¹
1235 2771 1321 2855 legis
1344 2771 1448 2834 huius

327 2861 503 2924 institutio
534 2861 704 2936 continet3
736 2862 798 2924 aut
825 2861 854 2923 si
881 2860 982 2935 forte,
1014 2860 1111 2922 iuxta
1138 2861 1231 2942 quod
1254 2863 1290 2924 et
1313 2859 1448 2943 legibus

327 2949 491 3013 Romanis
520 2949 703 3013 recolimus
732 2948 839 3012 fuisse
869 2949 1055 3024 decretum,
1086 2951 1225 3011 tantum
1253 2949 1370 3032 puella
1392 2949 1448 3012 vel

328 3038 451 3101 mulier
475 3038 517 3102 de
541 3038 610 3100 suis
633 3037 735 3101 rebus
759 3057 883 3120 sponso
908 3037 988 3101 dare
1013 3037 1166 3120 elegerit,
1191 3039 1359 3120 quantum
1382 3037 1448 3100 sibi

328 3127 402 3210 ipsa
419 3127 494 3189 dari
510 3126 704 3209 poposcerit
712 3125 733 3187 ³.
768 3123 868 3204 Quod
885 3126 914 3189 si
929 3126 1086 3188 forsitam
1103 3129 1287 3210 preventus
1303 3146 1447 3209 sponsus

329 3215 495 3298 scripture
520 3213 664 3278 alicuius
687 3212 742 3278 vel
767 3214 972 3278 sacramenti
994 3214 1132 3278 vinculo
1148 3215 1349 3299 nuptiarum
1364 3218 1447 3278 tem-

328 3307 431 3386 poreq
458 3303 622 3385 alligetur
651 3301 798 3386 amplius
829 3297 908 3384 [ser]
941 3322 1084 3386 sponsae
1116 3303 1312 3380 daemums,
1344 3323 1447 3385 quam

434 3491 461 3533 V.
501 3491 524 3542 a)
538 3489 656 3531 evidenter
670 3492 716 3534 Bl.
771 3493 795 3539 b)
808 3493 930 3532 inistitutio
944 3494 991 3534 ΕΙ.
1045 3494 1066 3540 c)
1080 3503 1164 3532 senene
1179 3493 1225 3535 Rl.
1283 3489 1307 3540 d)
1322 3497 1387 3532 extra
1400 3493 1446 3534 121.

328 3547 350 3590 a)
364 3545 420 3582 deest
434 3545 480 3586 111.
561 3543 724 3594 oprediotum
742 3543 828 3586 ordinis
846 3547 894 3588 Μ.
979 3547 1002 3594 g)
1021 3546 1111 3585 titulum
1128 3547 1175 3589 121.
1256 3545 1280 3593 h)
1297 3545 1383 3585 scribat
1400 3545 1446 3587 Bl.

327 3599 344 3644 i)
358 3598 454 3636 liberum
467 3598 514 3639 ΕΙ.
583 3597 607 3645 k)
625 3599 714 3637 noverit
728 3599 777 3640 Rs.
846 3599 862 3645 l)
880 3597 1073 3641 discesserith.
1140 3601 1170 3646 m)
1186 3599 1216 3640 al.
1230 3610 1258 3641 m.
1268 3603 1321 3647 poet
1335 3599 1446 3640 adnm.

327 3653 351 3698 n)
366 3649 461 3689 eandem
475 3651 521 3692 121.
575 3653 597 3698 o)
611 3653 688 3699 sponsi
702 3652 755 3702 1223
772 3652 826 3700 ipsis
841 3653 888 3692 131.
942 3654 964 3701 p)
978 3657 1084 3700 parentes
1098 3652 1145 3695 Bl.
1199 3651 1223 3703 q)
1237 3649 1447 3701 tempore-mtu-

328 3715 377 3742 rum
391 3705 434 3746 dee.
448 3704 494 3745 121.
549 3705 567 3750 r)
582 3705 638 3743 deest
652 3705 717 3743 eriam
731 3706 751 3743 R
761 3705 779 3747 2,

328 3846 354 3911 1)
381 3845 421 3909 Of.
447 3861 505 3896 oum
534 3845 581 3897 hoc
607 3847 692 3913 cupite
719 3847 867 3910 formulam
894 3847 963 3899 dotis
989 3847 1080 3901 Form.
1103 3847 1157 3900 Vis.
1183 3849 1231 3913 20,
1257 3863 1287 3913 p.
1306 3847 1358 3901 583
1377 3863 1445 3912 ⁸qu

327 3934 349 3969 v.
369 3916 403 3970 R.
422 3915 562 3981 Sohro'den
591 3917 632 3970 (Θ.
652 3917 678 3970 d.
697 3917 759 3970 ohel.
781 3918 1001 3984 couwoeta’l,
1025 3935 1053 3985 p.
1068 3920 1102 3972 70
1119 3935 1157 3984 sq.
1247 3919 1275 3983 2)
1294 3917 1335 3982 Of.
1354 3918 1443 3970 Form.

332 3988 385 4039 Vis.
405 3988 448 4052 20,
465 4004 494 4054 p.
507 3989 576 4042 584:

486 4055 559 4110 Ecce
578 4056 673 4110 decem
692 4057 816 4124 inprimis
833 4074 933 4125 pueros
951 4057 1121 4125 totidemque
1139 4058 1243 4126 puellas

487 4127 632 4180 Tradimus
650 4132 732 4195 atque
752 4127 847 4181 decern
865 4127 986 4181 virorum
1005 4145 1121 4197 corpora
1138 4145 1281 4196 equorum,

486 4197 551 4252 Puri
569 4199 657 4251 mulos
675 4215 790 4251 numero
811 4240 949 4255 ......

327 4269 354 4334 3)
371 4270 403 4324 L.
423 4271 498 4325 Rmn.
517 4272 570 4325 Vis.
590 4272 654 4324 Nou.
673 4272 731 4324 Vul.
751 4271 805 4324 ΙΙΙ.
827 4272 867 4336 12,
888 4275 903 4334 ξ
922 4273 955 4334 9,·
977 4271 1041 4326 Nou.
1061 4271 1129 4325 Mai.
1149 4273 1165 4326 6
1184 4274 1250 4336 (non
1268 4273 1298 4322 in
1316 4271 1348 4325 L.
1368 4273 1443 4326 Rom.

331 4341 400 4399 Vis.)
419 4345 434 4404 ξ
447 4343 478 4402 9,·
497 4342 564 4395 Iust.
578 4342 641 4396 Nou.
656 4344 698 4406 97,
715 4344 737 4395 1.
751 4345 783 4404 2,·
803 4342 1021 4408 ‘Syriaca-Rom.
1034 4343 1205 4394 Rechtsbuch’
1217 4343 1296 4407 1³40,
1316 4342 1340 4407 I,
1358 4360 1387 4410 p.
1401 4341 1444 4398 58.

327 4411 393 4463 (lum
405 4414 449 4478 eis,
470 4429 536 4479 quac
548 4414 642 4464 Bruns
659 4413 698 4464 ibi
711 4413 728 4466 l.
741 4429 761 4464 o.
776 4412 814 4478 II,
831 4431 858 4480 p.
872 4414 932 4466 295.
952 4415 1087 4479 disseruit,
1107 4415 1141 4477 cf.
1155 4414 1264 4479 Mittas,
1277 4414 1445 4466 ‘Volksrectt

326 4483 383 4533 und
400 4483 581 4536 Reichsreoht’
597 4501 625 4550 p.
645 4486 695 4539 291
710 4500 764 4551 sqq.
783 4486 845 4538 545.
877 4485 907 4538 V.
926 4485 1005 4536 etiam
1025 4485 1150 4537 Caesaris
1166 4485 1234 4538 Bell.
1250 4484 1322 4539 Gall.
1341 4485 1387 4552 VI,
1402 4487 1444 4540 19.
