3220 5212
310 1497 599 1582 ADDENDA
629 1499 704 1580 ET
737 1497 1130 1584 OORRIGENDA.

155 1721 185 1775 P.
207 1723 232 1776 5.
253 1723 284 1772 in
303 1737 391 1786 marq.
410 1721 447 1770 ad
464 1737 484 1774 c.
498 1719 656 1774 CCLXXX.
676 1720 745 1785 leae:
763 1718 795 1775 L.
815 1718 874 1775 Bai.
895 1723 937 1785 15,
949 1723 1022 1776 2-5
1039 1723 1103 1789 (pro
1121 1724 1212 1784 3-6).

155 1793 186 1846 P.
206 1795 233 1847 8.
253 1794 286 1843 in
304 1808 391 1858 marq.
410 1793 447 1842 ad
465 1792 562 1842 lineam
580 1794 605 1845 3.
625 1791 693 1857 leffe:
711 1788 743 1844 L.
758 1789 815 1845 Vis.
834 1789 874 1858 H,
893 1795 919 1859 5,
938 1794 956 1847 8
974 1799 1038 1858 (pro
1055 1790 1095 1859 Π,
1115 1795 1153 1859 5).

155 1864 185 1917 P.
206 1867 232 1927 9,
252 1869 319 1915 nota
337 1865 362 1916 2.
381 1862 567 1914 commutanda
585 1867 623 1914 eat
640 1878 700 1913 oum
717 1867 781 1914 nota
799 1867 825 1918 3.

155 1934 186 1987 P.
207 1938 232 1989 9.
254 1936 284 1985 in
303 1950 390 2000 marq.
410 1935 446 1984 ad
463 1950 484 1988 c.
499 1933 684 1987 COLXLVII.
704 1933 773 1999 leae:
791 1931 823 1988 L.
836 1931 894 1987 Vis.
914 1931 954 2000 II,
972 1935 1031 1998 4‚4
1048 1936 1112 2002 (pro
1128 1937 1154 2001 4,
1168 1937 1207 2000 6).

155 2007 185 2059 P.
207 2008 251 2060 10.
272 2007 304 2056 in
321 2021 409 2070 marq.
428 2006 464 2056 ad
481 2021 502 2056 c.
516 2004 718 2058 CCLXLVIII.
737 2005 821 2055 adde:
839 2002 872 2057 L.
891 2002 950 2060 Bai.
971 2007 1014 2072 15,
1027 2007 1051 2060 6.

155 2076 186 2128 P.
208 2079 252 2140 15,
273 2083 338 2128 nota
356 2076 377 2128 b.
388 2076 545 2142 praeoedere
562 2075 689 2128 debuisset
706 2081 783 2128 notae
800 2092 824 2130 a.

156 2149 186 2199 P.
208 2151 251 2202 16.
272 2148 304 2198 in
321 2163 408 2212 mary.
427 2148 464 2198 ad
480 2164 501 2201 c.
516 2146 673 2199 OOCXXII.
693 2146 762 2212 leae:
780 2145 812 2200 L.
826 2145 884 2201 vis.
904 2144 955 2213 IV,
974 2149 1046 2212 2,14
1064 2151 1128 2214 (pro
1139 2145 1175 2213 V,
1188 2150 1214 2213 2,
1226 2149 1282 2212 14).

156 2219 187 2271 P.
208 2223 252 2274 19.
272 2220 304 2270 in
315 2235 403 2283 marq.
422 2219 458 2268 ad
474 2234 494 2272 o.
506 2217 657 2269 CCCXXX
660 2219 688 2272 V.
701 2217 768 2282 ἱεροί
786 2216 818 2272 L.
828 2217 887 2272 Vis.
900 2216 953 2284 IV,
965 2220 1036 2285 2,12
1050 2217 1114 2288 (pro
1125 2216 1178 2283 IV,
1190 2221 1282 2285 2,11).

156 2291 187 2344 P.
206 2291 253 2356 39,
274 2307 302 2344 n.
317 2292 341 2344 1.
362 2290 431 2355 leae:
450 2291 510 2344 621.
525 2305 581 2354 pro
598 2291 659 2344 620.

156 2361 187 2414 P.
208 2363 253 2415 64.
273 2361 403 2485 infsszUig
418 2361 530 2412 rubrica
548 2361 617 2425 layo:
636 2356 951 2413 OHINDASVINDUS
965 2375 1020 2426 pro
1033 2357 1283 2412 ONINDASVIN-

157 2503 187 2557 P.
202 2506 266 2569 269,
289 2503 307 2557 l.
320 2505 345 2558 5.
366 2503 431 2567 leae:
444 2500 705 2570 quingentenariuse
712 2518 767 2567 pro
779 2499 1075 2570 quinquagentenarius
1087 2508 1111 2553 et
1123 2503 1191 2554 adde
1203 2502 1283 2566 infra

323 2581 413 2626 notam
431 2584 456 2640 e)
476 2575 517 2624 ita
535 2574 601 2636 112·
623 2572 918 2642 quinquagentenarius
936 2573 962 2624 R
973 2575 997 2627 1.

157 2645 188 2699 Ρ.
208 2647 274 2709 316,
297 2645 314 2697 l.
329 2647 370 2699 13.
389 2661 474 2699 mens.
493 2642 577 2698 XIII.
596 2644 712 2708 sonasse
730 2644 937 2698 mandandum:
955 2660 1041 2699 mens.
1053 2641 1137 2698 VIII.

157 2716 188 2770 P.
208 2718 274 2779 316,
293 2732 320 2770 n.
336 2719 359 2770 1.
379 2717 448 2781 leye:
467 2719 518 2771 ‘30.
538 2715 617 2782 Sept)
633 2732 686 2784 pro
704 2719 737 2771 ‘1.
753 2715 815 2770 Oct?

157 2788 188 2841 P.
208 2790 274 2852 321,
295 2787 312 2839 l.
326 2790 368 2842 13.
388 2788 457 2853 leae:
475 2785 689 2856 consignandam
703 2802 758 2852 pro
775 2784 999 2855 consignandum.
