<?xml version="1.0" encoding="UTF-8"?>
<!DOCTYPE html PUBLIC "-//W3C//DTD XHTML 1.0 Transitional//EN"
    "http://www.w3.org/TR/xhtml1/DTD/xhtml1-transitional.dtd">
<html xmlns="http://www.w3.org/1999/xhtml" xml:lang="en" lang="en">
 <head>
  <title>
</title>
<meta http-equiv="Content-Type" content="text/html;charset=utf-8" />
  <meta name='ocr-system' content='tesseract 3.04.00' />
  <meta name='ocr-capabilities' content='ocr_page ocr_carea ocr_par ocr_line ocrx_word'/>
</head>
<body>
  <div class='ocr_page' id='page_1' title='image "./legesvisigothor00gaudgoog_0266.png"; bbox 0 0 3198 5202; ppageno 0'>
   <div class='ocr_carea' id='block_1_1' title="bbox 334 535 1296 608">
    <p class='ocr_par' dir='ltr' id='par_1_1' title="bbox 334 535 1296 608">
     <span class='ocr_line' id='line_1_1' title="bbox 334 535 1296 608; baseline 0.005 -16"><span class='ocrx_word' id='word_1_1' title='bbox 334 540 389 593; x_wconf 83' lang='lat'>234</span> <span class='ocrx_word' id='word_1_2' title='bbox 495 536 572 590; x_wconf 80' lang='lat' dir='ltr'>LEX</span> <span class='ocrx_word' id='word_1_3' title='bbox 591 535 706 594; x_wconf 83' lang='lat' dir='ltr'>VISIG.</span> <span class='ocrx_word' id='word_1_4' title='bbox 724 535 993 595; x_wconf 71' lang='lat' dir='ltr'>Rncoussvnvn.</span> <span class='ocrx_word' id='word_1_5' title='bbox 1030 537 1113 608; x_wconf 80' lang='lat' dir='ltr'>Vm,</span> <span class='ocrx_word' id='word_1_6' title='bbox 1132 543 1158 608; x_wconf 84' lang='lat'>2,</span> <span class='ocrx_word' id='word_1_7' title='bbox 1177 543 1202 596; x_wconf 80' lang='lat'>2.</span> <span class='ocrx_word' id='word_1_8' title='bbox 1222 545 1252 608; x_wconf 75' lang='lat'>33</span> <span class='ocrx_word' id='word_1_9' title='bbox 1271 546 1296 597; x_wconf 90' lang='lat'>3.</span> 
     </span>
    </p>
   </div>
   <div class='ocr_carea' id='block_1_2' title="bbox 335 719 1460 1336">
    <p class='ocr_par' dir='ltr' id='par_1_2' title="bbox 335 719 1460 1336">
     <span class='ocr_line' id='line_1_2' title="bbox 335 719 1459 807; baseline 0.004 -24"><span class='ocrx_word' id='word_1_10' title='bbox 335 720 423 784; x_wconf 90' lang='lat' dir='ltr'>libet</span> <span class='ocrx_word' id='word_1_11' title='bbox 446 719 580 802; x_wconf 85' lang='lat' dir='ltr'>generis</span> <span class='ocrx_word' id='word_1_12' title='bbox 604 720 742 785; x_wconf 89' lang='lat' dir='ltr'>arbores</span> <span class='ocrx_word' id='word_1_13' title='bbox 765 721 845 803; x_wconf 83' lang='lat' dir='ltr'>igne</span> <span class='ocrx_word' id='word_1_14' title='bbox 870 722 1080 798; x_wconf 73' lang='lat' dir='ltr'>cremaverit,</span> <span class='ocrx_word' id='word_1_15' title='bbox 1106 743 1127 785; x_wconf 91' lang='lat' dir='ltr'>a</span> <span class='ocrx_word' id='word_1_16' title='bbox 1142 723 1256 787; x_wconf 88' lang='lat' dir='ltr'>iudice</span> <span class='ocrx_word' id='word_1_17' title='bbox 1280 727 1459 807; x_wconf 84' lang='lat' dir='ltr'>correptus</span> 
     </span>
     <span class='ocr_line' id='line_1_3' title="bbox 336 808 1458 893; baseline 0.002 -19"><span class='ocrx_word' id='word_1_18' title='bbox 336 808 520 892; x_wconf 84' lang='lat' dir='ltr'>Oilagella</span> <span class='ocrx_word' id='word_1_19' title='bbox 550 809 716 892; x_wconf 90' lang='lat' dir='ltr'>suscipiat</span> <span class='ocrx_word' id='word_1_20' title='bbox 745 811 782 873; x_wconf 91' lang='lat' dir='ltr'>et</span> <span class='ocrx_word' id='word_1_21' title='bbox 811 829 873 893; x_wconf 89' lang='lat' dir='ltr'>pro</span> <span class='ocrx_word' id='word_1_22' title='bbox 905 810 1029 873; x_wconf 86' lang='lat' dir='ltr'>damno</span> <span class='ocrx_word' id='word_1_23' title='bbox 1060 810 1262 888; x_wconf 72' lang='lat' dir='ltr'><strong>satisfaciat,</strong></span> <span class='ocrx_word' id='word_1_24' title='bbox 1294 812 1384 875; x_wconf 89' lang='lat' dir='ltr'>sicut</span> <span class='ocrx_word' id='word_1_25' title='bbox 1415 813 1458 876; x_wconf 94' lang='lat' dir='ltr'>ab</span> 
     </span>
     <span class='ocr_line' id='line_1_4' title="bbox 336 897 1459 981; baseline 0.004 -22"><span class='ocrx_word' id='word_1_26' title='bbox 336 898 400 972; x_wconf 83' lang='lat' dir='ltr'>his,</span> <span class='ocrx_word' id='word_1_27' title='bbox 429 897 488 980; x_wconf 90' lang='lat' dir='ltr'>qui</span> <span class='ocrx_word' id='word_1_28' title='bbox 515 897 737 981; x_wconf 71' lang='lat' dir='ltr'>inspexerint,</span> <span class='ocrx_word' id='word_1_29' title='bbox 765 897 874 961; x_wconf 81' lang='lat' dir='ltr'>fuerit</span> <span class='ocrx_word' id='word_1_30' title='bbox 902 899 1110 962; x_wconf 86' lang='lat' dir='ltr'>estimatum.</span> <span class='ocrx_word' id='word_1_31' title='bbox 1158 898 1258 978; x_wconf 82' lang='lat' dir='ltr'>Quod</span> <span class='ocrx_word' id='word_1_32' title='bbox 1286 901 1315 963; x_wconf 89' lang='lat' dir='ltr'>si</span> <span class='ocrx_word' id='word_1_33' title='bbox 1341 920 1459 964; x_wconf 89' lang='lat' dir='ltr'>servus</span> 
     </span>
     <span class='ocr_line' id='line_1_5' title="bbox 336 986 1458 1063; baseline 0.001 -14"><span class='ocrx_word' id='word_1_34' title='bbox 336 987 402 1049; x_wconf 91' lang='lat' dir='ltr'>hoc</span> <span class='ocrx_word' id='word_1_35' title='bbox 419 986 558 1049; x_wconf 90' lang='lat' dir='ltr'>domino</span> <span class='ocrx_word' id='word_1_36' title='bbox 572 986 748 1050; x_wconf 88' lang='lat' dir='ltr'>nesciente</span> <span class='ocrx_word' id='word_1_37' title='bbox 765 987 972 1063; x_wconf 85' lang='lat' dir='ltr'>conmiserit,</span> <span class='ocrx_word' id='word_1_38' title='bbox 989 997 1036 1052; x_wconf 79' lang='lat' dir='ltr'>OL</span> <span class='ocrx_word' id='word_1_39' title='bbox 1047 988 1248 1052; x_wconf 89' lang='lat' dir='ltr'>verberibus</span> <span class='ocrx_word' id='word_1_40' title='bbox 1264 989 1458 1053; x_wconf 90' lang='lat' dir='ltr'>addicatur.</span> 
     </span>
     <span class='ocr_line' id='line_1_6' title="bbox 336 1074 1459 1161; baseline 0.003 -23"><span class='ocrx_word' id='word_1_41' title='bbox 336 1074 383 1138; x_wconf 81' lang='lat' dir='ltr'>Et</span> <span class='ocrx_word' id='word_1_42' title='bbox 406 1075 436 1137; x_wconf 92' lang='lat' dir='ltr'>si</span> <span class='ocrx_word' id='word_1_43' title='bbox 458 1094 519 1158; x_wconf 94' lang='lat' dir='ltr'>pro</span> <span class='ocrx_word' id='word_1_44' title='bbox 544 1093 584 1138; x_wconf 92' lang='lat' dir='ltr'>eo</span> <span class='ocrx_word' id='word_1_45' title='bbox 609 1075 767 1138; x_wconf 90' lang='lat' dir='ltr'>dominus</span> <span class='ocrx_word' id='word_1_46' title='bbox 796 1095 987 1158; x_wconf 82' lang='lat' dir='ltr'>conponere</span> <span class='ocrx_word' id='word_1_47' title='bbox 1015 1076 1176 1154; x_wconf 82' lang='lat' dir='ltr'>noluerit,</span> <span class='ocrx_word' id='word_1_48' title='bbox 1206 1097 1284 1141; x_wconf 90' lang='lat' dir='ltr'>cum</span> <span class='ocrx_word' id='word_1_49' title='bbox 1312 1077 1459 1161; x_wconf 90' lang='lat' dir='ltr'>duplum</span> 
     </span>
     <span class='ocr_line' id='line_1_7' title="bbox 335 1162 1460 1247; baseline 0.004 -21"><span class='ocrx_word' id='word_1_50' title='bbox 335 1163 392 1227; x_wconf 91' lang='lat' dir='ltr'>vel</span> <span class='ocrx_word' id='word_1_51' title='bbox 414 1163 558 1246; x_wconf 87' lang='lat' dir='ltr'>triplum</span> <span class='ocrx_word' id='word_1_52' title='bbox 582 1162 700 1226; x_wconf 89' lang='lat' dir='ltr'>damni</span> <span class='ocrx_word' id='word_1_53' title='bbox 726 1162 858 1240; x_wconf 83' lang='lat' dir='ltr'>iecerit,</span> <span class='ocrx_word' id='word_1_54' title='bbox 890 1184 993 1245; x_wconf 88' lang='lat' dir='ltr'>quam</span> <span class='ocrx_word' id='word_1_55' title='bbox 1022 1165 1115 1247; x_wconf 91' lang='lat' dir='ltr'>quod</span> <span class='ocrx_word' id='word_1_56' title='bbox 1144 1166 1293 1230; x_wconf 90' lang='lat' dir='ltr'>eundem</span> <span class='ocrx_word' id='word_1_57' title='bbox 1323 1186 1460 1230; x_wconf 80' lang='lat' dir='ltr'>servrnn</span> 
     </span>
     <span class='ocr_line' id='line_1_8' title="bbox 336 1251 1459 1336; baseline 0.001 -21"><span class='ocrx_word' id='word_1_58' title='bbox 336 1251 451 1315; x_wconf 88' lang='lat' dir='ltr'>valere</span> <span class='ocrx_word' id='word_1_59' title='bbox 482 1251 690 1328; x_wconf 85' lang='lat' dir='ltr'>constiterit,</span> <span class='ocrx_word' id='word_1_60' title='bbox 726 1252 820 1335; x_wconf 77' lang='lat' dir='ltr'>ipso⁶</span> <span class='ocrx_word' id='word_1_61' title='bbox 854 1256 970 1316; x_wconf 81' lang='lat' dir='ltr'>servo⁰</span> <span class='ocrx_word' id='word_1_62' title='bbox 1004 1274 1065 1336; x_wconf 92' lang='lat' dir='ltr'>pro</span> <span class='ocrx_word' id='word_1_63' title='bbox 1095 1254 1190 1318; x_wconf 83' lang='lat' dir='ltr'>facto</span> <span class='ocrx_word' id='word_1_64' title='bbox 1222 1255 1359 1319; x_wconf 75' lang='lat' dir='ltr'>tradere</span> <span class='ocrx_word' id='word_1_65' title='bbox 1389 1275 1459 1318; x_wconf 92' lang='lat' dir='ltr'>non</span> 
     </span>
    </p>
   </div>
   <div class='ocr_carea' id='block_1_3' title="bbox 218 1333 524 1405">
    <p class='ocr_par' dir='ltr' id='par_1_3' title="bbox 218 1333 524 1405">
     <span class='ocr_line' id='line_1_9' title="bbox 218 1333 524 1405; baseline 0 -4"><span class='ocrx_word' id='word_1_66' title='bbox 218 1363 222 1370; x_wconf 55' lang='lat'>¹</span> <span class='ocrx_word' id='word_1_67' title='bbox 336 1333 524 1405; x_wconf 78' lang='lat' dir='ltr'>retardetf.</span> 
     </span>
    </p>
   </div>
   <div class='ocr_carea' id='block_1_4' title="bbox 338 1421 1458 1620">
    <p class='ocr_par' dir='ltr' id='par_1_4' title="bbox 338 1421 1458 1620">
     <span class='ocr_line' id='line_1_10' title="bbox 745 1421 1045 1493; baseline 0.013 -17"><span class='ocrx_word' id='word_1_68' title='bbox 745 1421 800 1480; x_wconf 87' lang='lat'><em>111.</em></span> <span class='ocrx_word' id='word_1_69' title='bbox 831 1421 1045 1493; x_wconf 74' lang='lat' dir='ltr'>surrouna.</span> 
     </span>
     <span class='ocr_line' id='line_1_11' title="bbox 338 1531 1458 1620; baseline 0.004 -24"><span class='ocrx_word' id='word_1_70' title='bbox 338 1534 396 1612; x_wconf 85' lang='lat' dir='ltr'>si,</span> <span class='ocrx_word' id='word_1_71' title='bbox 426 1534 521 1597; x_wconf 92' lang='lat' dir='ltr'>dum</span> <span class='ocrx_word' id='word_1_72' title='bbox 545 1534 632 1598; x_wconf 92' lang='lat' dir='ltr'>iter</span> <span class='ocrx_word' id='word_1_73' title='bbox 656 1535 814 1618; x_wconf 82' lang='lat' dir='ltr'>agitur,</span> <span class='ocrx_word' id='word_1_74' title='bbox 846 1535 962 1619; x_wconf 85' lang='lat' dir='ltr'>ignis</span> <span class='ocrx_word' id='word_1_75' title='bbox 992 1535 1169 1620; x_wconf 89' lang='lat' dir='ltr'>longius</span> <span class='ocrx_word' id='word_1_76' title='bbox 1194 1531 1458 1602; x_wconf 71' lang='lat' dir='ltr'>dilaveturb.</span> 
     </span>
    </p>
   </div>
   <div class='ocr_carea' id='block_1_5' title="bbox 337 1639 1460 1993">
    <p class='ocr_par' dir='ltr' id='par_1_5' title="bbox 337 1639 1460 1993">
     <span class='ocr_line' id='line_1_12' title="bbox 446 1639 1460 1727; baseline 0.004 -23"><span class='ocrx_word' id='word_1_77' title='bbox 446 1639 536 1718; x_wconf 76' lang='lat' dir='ltr'>Quil</span> <span class='ocrx_word' id='word_1_78' title='bbox 558 1641 595 1703; x_wconf 92' lang='lat' dir='ltr'>in</span> <span class='ocrx_word' id='word_1_79' title='bbox 611 1640 734 1706; x_wconf 87' lang='lat' dir='ltr'>itinere</span> <span class='ocrx_word' id='word_1_80' title='bbox 759 1641 968 1705; x_wconf 90' lang='lat' dir='ltr'>constitutus</span> <span class='ocrx_word' id='word_1_81' title='bbox 989 1641 1026 1704; x_wconf 90' lang='lat' dir='ltr'>in</span> <span class='ocrx_word' id='word_1_82' title='bbox 1043 1644 1285 1727; x_wconf 86' lang='lat' dir='ltr'>cuiuscumque</span> <span class='ocrx_word' id='word_1_83' title='bbox 1301 1644 1460 1708; x_wconf 74' lang='lat' dir='ltr'>forsitam</span> 
     </span>
     <span class='ocr_line' id='line_1_13' title="bbox 338 1727 1459 1814; baseline 0.003 -21"><span class='ocrx_word' id='word_1_84' title='bbox 338 1751 459 1813; x_wconf 85' lang='lat' dir='ltr'>eampo</span> <span class='ocrx_word' id='word_1_85' title='bbox 490 1729 734 1814; x_wconf 74' lang='lat' dir='ltr'>adplicaverit⁰</span> <span class='ocrx_word' id='word_1_86' title='bbox 763 1732 799 1793; x_wconf 92' lang='lat' dir='ltr'>et</span> <span class='ocrx_word' id='word_1_87' title='bbox 822 1730 866 1793; x_wconf 88' lang='lat' dir='ltr'>ad</span> <span class='ocrx_word' id='word_1_88' title='bbox 889 1732 1133 1814; x_wconf 89' lang='lat' dir='ltr'>quoquendum</span> <span class='ocrx_word' id='word_1_89' title='bbox 1157 1727 1291 1796; x_wconf 80' lang='lat' dir='ltr'>civum‘1</span> <span class='ocrx_word' id='word_1_90' title='bbox 1318 1736 1379 1796; x_wconf 90' lang='lat' dir='ltr'>aut</span> <span class='ocrx_word' id='word_1_91' title='bbox 1403 1733 1459 1796; x_wconf 83' lang='lat' dir='ltr'>fri·</span> 
     </span>
     <span class='ocr_line' id='line_1_14' title="bbox 338 1818 1459 1903; baseline 0.003 -21"><span class='ocrx_word' id='word_1_92' title='bbox 338 1818 429 1903; x_wconf 89' lang='lat' dir='ltr'>goris</span> <span class='ocrx_word' id='word_1_93' title='bbox 452 1818 657 1883; x_wconf 88' lang='lat' dir='ltr'>necessitate</span> <span class='ocrx_word' id='word_1_94' title='bbox 682 1818 866 1901; x_wconf 82' lang='lat' dir='ltr'>conpulsus</span> <span class='ocrx_word' id='word_1_95' title='bbox 893 1819 1010 1902; x_wconf 83' lang='lat' dir='ltr'>ignem</span> <span class='ocrx_word' id='word_1_96' title='bbox 1032 1820 1165 1898; x_wconf 81' lang='lat' dir='ltr'>iecerit,</span> <span class='ocrx_word' id='word_1_97' title='bbox 1191 1823 1313 1885; x_wconf 84' lang='lat' dir='ltr'>cautus</span> <span class='ocrx_word' id='word_1_98' title='bbox 1337 1823 1391 1898; x_wconf 89' lang='lat' dir='ltr'>sit,</span> <span class='ocrx_word' id='word_1_99' title='bbox 1416 1842 1459 1886; x_wconf 92' lang='lat' dir='ltr'>ne</span> 
     </span>
     <span class='ocr_line' id='line_1_15' title="bbox 337 1899 1456 1993; baseline 0.004 -23"><span class='ocrx_word' id='word_1_100' title='bbox 337 1906 427 1990; x_wconf 85' lang='lat' dir='ltr'>ignis</span> <span class='ocrx_word' id='word_1_101' title='bbox 443 1906 580 1990; x_wconf 85' lang='lat' dir='ltr'>longius</span> <span class='ocrx_word' id='word_1_102' title='bbox 597 1899 802 1983; x_wconf 67' lang='lat' dir='ltr'>dilaveturb,</span> <span class='ocrx_word' id='word_1_103' title='bbox 827 1910 888 1970; x_wconf 90' lang='lat' dir='ltr'>aut</span> <span class='ocrx_word' id='word_1_104' title='bbox 904 1908 933 1971; x_wconf 90' lang='lat' dir='ltr'>si</span> <span class='ocrx_word' id='word_1_105' title='bbox 948 1908 985 1970; x_wconf 92' lang='lat' dir='ltr'>in</span> <span class='ocrx_word' id='word_1_106' title='bbox 1001 1908 1140 1992; x_wconf 80' lang='lat' dir='ltr'>ispinis⁰</span> <span class='ocrx_word' id='word_1_107' title='bbox 1162 1909 1231 1974; x_wconf 90' lang='lat' dir='ltr'>sive</span> <span class='ocrx_word' id='word_1_108' title='bbox 1247 1910 1285 1972; x_wconf 89' lang='lat' dir='ltr'>in</span> <span class='ocrx_word' id='word_1_109' title='bbox 1300 1904 1456 1993; x_wconf 79' lang='lat' dir='ltr'>pavulisf</span> 
     </span>
    </p>
   </div>
   <div class='ocr_carea' id='block_1_6' title="bbox 338 1995 1460 2610">
    <p class='ocr_par' dir='ltr' id='par_1_6' title="bbox 338 1995 1460 2610">
     <span class='ocr_line' id='line_1_16' title="bbox 339 1995 1460 2079; baseline 0.003 -20"><span class='ocrx_word' id='word_1_110' title='bbox 339 1996 446 2071; x_wconf 79' lang='lat' dir='ltr'>siccis,</span> <span class='ocrx_word' id='word_1_111' title='bbox 472 1995 656 2079; x_wconf 91' lang='lat' dir='ltr'>inquibus</span> <span class='ocrx_word' id='word_1_112' title='bbox 680 1995 882 2078; x_wconf 90' lang='lat' dir='ltr'>plerumque</span> <span class='ocrx_word' id='word_1_113' title='bbox 905 1996 1045 2060; x_wconf 88' lang='lat' dir='ltr'>flamma</span> <span class='ocrx_word' id='word_1_114' title='bbox 1066 1999 1229 2076; x_wconf 84' lang='lat' dir='ltr'>nutritur,</span> <span class='ocrx_word' id='word_1_115' title='bbox 1261 1998 1460 2062; x_wconf 89' lang='lat' dir='ltr'>incendium</span> 
     </span>
     <span class='ocr_line' id='line_1_17' title="bbox 339 2083 1459 2169; baseline 0.003 -21"><span class='ocrx_word' id='word_1_116' title='bbox 339 2083 565 2159; x_wconf 85' lang='lat' dir='ltr'>convalescat,</span> <span class='ocrx_word' id='word_1_117' title='bbox 590 2084 714 2168; x_wconf 77' lang='lat' dir='ltr'>ignem,</span> <span class='ocrx_word' id='word_1_118' title='bbox 741 2104 818 2147; x_wconf 90' lang='lat' dir='ltr'>cum</span> <span class='ocrx_word' id='word_1_119' title='bbox 835 2085 966 2161; x_wconf 70' lang='lat' dir='ltr'>crescit,</span> <span class='ocrx_word' id='word_1_120' title='bbox 992 2086 1211 2169; x_wconf 52' lang='lat' dir='ltr'>extinguat&amp;</span> <span class='ocrx_word' id='word_1_121' title='bbox 1248 2086 1349 2165; x_wconf 78' lang='lat' dir='ltr'>Quod</span> <span class='ocrx_word' id='word_1_122' title='bbox 1372 2087 1401 2151; x_wconf 90' lang='lat' dir='ltr'>si</span> <span class='ocrx_word' id='word_1_123' title='bbox 1424 2108 1459 2151; x_wconf 88' lang='lat' dir='ltr'>se</span> 
     </span>
     <span class='ocr_line' id='line_1_18' title="bbox 339 2171 1460 2255; baseline 0.004 -20"><span class='ocrx_word' id='word_1_124' title='bbox 339 2173 476 2255; x_wconf 86' lang='lat' dir='ltr'>longius</span> <span class='ocrx_word' id='word_1_125' title='bbox 499 2171 638 2236; x_wconf 86' lang='lat' dir='ltr'>flamma</span> <span class='ocrx_word' id='word_1_126' title='bbox 660 2172 863 2250; x_wconf 75' lang='lat' dir='ltr'>extenderit,</span> <span class='ocrx_word' id='word_1_127' title='bbox 895 2176 931 2237; x_wconf 90' lang='lat' dir='ltr'>et</span> <span class='ocrx_word' id='word_1_128' title='bbox 954 2174 1071 2238; x_wconf 90' lang='lat' dir='ltr'>messis</span> <span class='ocrx_word' id='word_1_129' title='bbox 1095 2177 1157 2238; x_wconf 92' lang='lat' dir='ltr'>aut</span> <span class='ocrx_word' id='word_1_130' title='bbox 1180 2195 1260 2238; x_wconf 87' lang='lat' dir='ltr'>area</span> <span class='ocrx_word' id='word_1_131' title='bbox 1281 2175 1336 2240; x_wconf 90' lang='lat' dir='ltr'>vel</span> <span class='ocrx_word' id='word_1_132' title='bbox 1359 2177 1460 2240; x_wconf 88' lang='lat' dir='ltr'>vinea</span> 
     </span>
     <span class='ocr_line' id='line_1_19' title="bbox 339 2257 1459 2344; baseline 0.004 -20"><span class='ocrx_word' id='word_1_133' title='bbox 339 2263 401 2324; x_wconf 85' lang='lat' dir='ltr'>aut</span> <span class='ocrx_word' id='word_1_134' title='bbox 424 2262 545 2324; x_wconf 89' lang='lat' dir='ltr'>domus</span> <span class='ocrx_word' id='word_1_135' title='bbox 569 2261 639 2325; x_wconf 92' lang='lat' dir='ltr'>sive</span> <span class='ocrx_word' id='word_1_136' title='bbox 662 2261 855 2344; x_wconf 91' lang='lat' dir='ltr'>pomarium</span> <span class='ocrx_word' id='word_1_137' title='bbox 884 2262 1044 2326; x_wconf 89' lang='lat' dir='ltr'>incendio</span> <span class='ocrx_word' id='word_1_138' title='bbox 1075 2257 1354 2341; x_wconf 79' lang='lat' dir='ltr'>concrematur¹¹3</span> <span class='ocrx_word' id='word_1_139' title='bbox 1386 2268 1459 2328; x_wconf 87' lang='lat' dir='ltr'>tan-</span> 
     </span>
     <span class='ocr_line' id='line_1_20' title="bbox 338 2343 1458 2436; baseline 0.005 -25"><span class='ocrx_word' id='word_1_140' title='bbox 338 2352 424 2426; x_wconf 88' lang='lat' dir='ltr'>tum,</span> <span class='ocrx_word' id='word_1_141' title='bbox 449 2353 618 2432; x_wconf 87' lang='lat' dir='ltr'>quantum</span> <span class='ocrx_word' id='word_1_142' title='bbox 633 2348 772 2413; x_wconf 89' lang='lat' dir='ltr'>flamma</span> <span class='ocrx_word' id='word_1_143' title='bbox 792 2343 1013 2428; x_wconf 67' lang='lat' dir='ltr'>consumsitl,</span> <span class='ocrx_word' id='word_1_144' title='bbox 1037 2351 1180 2416; x_wconf 88' lang='lat' dir='ltr'>reddere</span> <span class='ocrx_word' id='word_1_145' title='bbox 1196 2353 1251 2416; x_wconf 90' lang='lat' dir='ltr'>vel</span> <span class='ocrx_word' id='word_1_146' title='bbox 1267 2373 1458 2436; x_wconf 91' lang='lat' dir='ltr'>conponere</span> 
     </span>
     <span class='ocr_line' id='line_1_21' title="bbox 340 2437 1458 2561; baseline 0.002 -59"><span class='ocrx_word' id='word_1_147' title='bbox 340 2437 565 2561; x_wconf 63' lang='lat' dir='ltr'>conpellatur,</span> <span class='ocrx_word' id='word_1_148' title='bbox 601 2439 661 2521; x_wconf 88' lang='lat' dir='ltr'>qui</span> <span class='ocrx_word' id='word_1_149' title='bbox 694 2439 823 2520; x_wconf 75' lang='lat' dir='ltr'>ignem,</span> <span class='ocrx_word' id='word_1_150' title='bbox 860 2459 961 2521; x_wconf 89' lang='lat' dir='ltr'>quem</span> <span class='ocrx_word' id='word_1_151' title='bbox 991 2439 1138 2517; x_wconf 82' lang='lat' dir='ltr'>fecerat,</span> <span class='ocrx_word' id='word_1_152' title='bbox 1173 2440 1323 2505; x_wconf 75' lang='lat' dir='ltr'>neclexit</span> <span class='ocrx_word' id='word_1_153' title='bbox 1353 2442 1458 2506; x_wconf 86' lang='lat' dir='ltr'>extin-</span> 
     </span>
     <span class='ocr_line' id='line_1_22' title="bbox 339 2547 483 2610; baseline 0.007 -22"><span class='ocrx_word' id='word_1_154' title='bbox 339 2547 444 2610; x_wconf 85' lang='lat' dir='ltr'>guere</span> <span class='ocrx_word' id='word_1_155' title='bbox 476 2573 483 2589; x_wconf 92' lang='lat'>.</span> 
     </span>
    </p>
   </div>
   <div class='ocr_carea' id='block_1_7' title="bbox 341 2756 1459 2943">
    <p class='ocr_par' dir='ltr' id='par_1_7' title="bbox 341 2756 1459 2943">
     <span class='ocr_line' id='line_1_23' title="bbox 341 2756 1459 2835; baseline 0.004 -16"><span class='ocrx_word' id='word_1_156' title='bbox 341 2757 410 2820; x_wconf 92' lang='lat' dir='ltr'>III.</span> <span class='ocrx_word' id='word_1_157' title='bbox 427 2756 641 2821; x_wconf 79' lang='lat' dir='ltr'>TITULUS:</span> <span class='ocrx_word' id='word_1_158' title='bbox 673 2757 736 2820; x_wconf 76' lang='lat' dir='ltr'>Da</span> <span class='ocrx_word' id='word_1_159' title='bbox 764 2757 949 2821; x_wconf 79' lang='lat' dir='ltr'>DAMNIS</span> <span class='ocrx_word' id='word_1_160' title='bbox 972 2757 1210 2835; x_wconf 79' lang='grc' dir='ltr'><strong>ΑΒΒΟΒΠΜ,</strong></span> <span class='ocrx_word' id='word_1_161' title='bbox 1236 2758 1459 2825; x_wconf 79' lang='lat' dir='ltr'>ORTORUM</span> 
     </span>
     <span class='ocr_line' id='line_1_24' title="bbox 529 2861 1267 2943; baseline 0.003 -18"><span class='ocrx_word' id='word_1_162' title='bbox 529 2861 612 2926; x_wconf 69' lang='grc' dir='ltr'>ΕΤει</span> <span class='ocrx_word' id='word_1_163' title='bbox 639 2862 837 2928; x_wconf 80' lang='lat' dir='ltr'><strong>FRUGUM</strong></span> <span class='ocrx_word' id='word_1_164' title='bbox 861 2863 1267 2943; x_wconf 76' lang='lat' dir='ltr'>QUARUMOUMQUII.</span> 
     </span>
    </p>
   </div>
   <div class='ocr_carea' id='block_1_8' title="bbox 362 2986 1460 4042">
    <p class='ocr_par' dir='ltr' id='par_1_8' title="bbox 362 2986 1460 4042">
     <span class='ocr_line' id='line_1_25' title="bbox 437 2986 1217 3071; baseline 0.005 -23"><span class='ocrx_word' id='word_1_165' title='bbox 437 2986 465 3050; x_wconf 92' lang='lat' dir='ltr'>I.</span> <span class='ocrx_word' id='word_1_166' title='bbox 502 2986 555 3051; x_wconf 93' lang='lat' dir='ltr'>De</span> <span class='ocrx_word' id='word_1_167' title='bbox 579 2988 814 3071; x_wconf 88' lang='lat' dir='ltr'>conpositione</span> <span class='ocrx_word' id='word_1_168' title='bbox 838 2989 1000 3052; x_wconf 90' lang='lat' dir='ltr'>arborum</span> <span class='ocrx_word' id='word_1_169' title='bbox 1022 2989 1217 3054; x_wconf 89' lang='lat' dir='ltr'>incisarum.</span> 
     </span>
     <span class='ocr_line' id='line_1_26' title="bbox 414 3075 1167 3159; baseline 0.003 -21"><span class='ocrx_word' id='word_1_170' title='bbox 414 3076 463 3139; x_wconf 94' lang='grc' dir='ltr'>ΙΙ.</span> <span class='ocrx_word' id='word_1_171' title='bbox 500 3075 537 3138; x_wconf 81' lang='lat' dir='ltr'>Si</span> <span class='ocrx_word' id='word_1_172' title='bbox 560 3079 675 3139; x_wconf 88' lang='lat' dir='ltr'>ortum</span> <span class='ocrx_word' id='word_1_173' title='bbox 698 3077 774 3159; x_wconf 89' lang='lat' dir='ltr'>quis</span> <span class='ocrx_word' id='word_1_174' title='bbox 796 3078 983 3141; x_wconf 80' lang='lat' dir='ltr'>vastaverit</span> <span class='ocrx_word' id='word_1_175' title='bbox 1006 3078 1167 3142; x_wconf 86' lang='lat' dir='ltr'>alienum.</span> 
     </span>
     <span class='ocr_line' id='line_1_27' title="bbox 394 3163 1459 3233; baseline 0.004 -6"><span class='ocrx_word' id='word_1_176' title='bbox 394 3164 464 3227; x_wconf 95' lang='lat' dir='ltr'>III.</span> <span class='ocrx_word' id='word_1_177' title='bbox 501 3163 538 3227; x_wconf 78' lang='lat' dir='ltr'>si</span> <span class='ocrx_word' id='word_1_178' title='bbox 566 3164 608 3228; x_wconf 92' lang='lat' dir='ltr'>de</span> <span class='ocrx_word' id='word_1_179' title='bbox 636 3165 742 3229; x_wconf 89' lang='lat' dir='ltr'>incise</span> <span class='ocrx_word' id='word_1_180' title='bbox 773 3166 903 3229; x_wconf 90' lang='lat' dir='ltr'>arboris</span> <span class='ocrx_word' id='word_1_181' title='bbox 933 3167 1034 3230; x_wconf 89' lang='lat' dir='ltr'>ruina</span> <span class='ocrx_word' id='word_1_182' title='bbox 1058 3167 1253 3232; x_wconf 88' lang='lat' dir='ltr'>debilitatio</span> <span class='ocrx_word' id='word_1_183' title='bbox 1275 3169 1331 3233; x_wconf 92' lang='lat' dir='ltr'>vel</span> <span class='ocrx_word' id='word_1_184' title='bbox 1354 3169 1459 3233; x_wconf 91' lang='lat' dir='ltr'>homi·</span> 
     </span>
     <span class='ocr_line' id='line_1_28' title="bbox 500 3253 911 3337; baseline 0.002 -22"><span class='ocrx_word' id='word_1_185' title='bbox 500 3253 629 3316; x_wconf 89' lang='lat' dir='ltr'>cidium</span> <span class='ocrx_word' id='word_1_186' title='bbox 651 3255 911 3337; x_wconf 59' lang='lat' dir='ltr'>perpernam.</span> 
     </span>
     <span class='ocr_line' id='line_1_29' title="bbox 372 3337 1460 3425; baseline 0.006 -22"><span class='ocrx_word' id='word_1_187' title='bbox 372 3340 463 3404; x_wconf 91' lang='lat' dir='ltr'>IIII.</span> <span class='ocrx_word' id='word_1_188' title='bbox 500 3341 538 3404; x_wconf 81' lang='lat' dir='ltr'>Si</span> <span class='ocrx_word' id='word_1_189' title='bbox 560 3342 661 3405; x_wconf 89' lang='lat' dir='ltr'>arbor</span> <span class='ocrx_word' id='word_1_190' title='bbox 685 3361 726 3406; x_wconf 87' lang='lat' dir='ltr'>ex</span> <span class='ocrx_word' id='word_1_191' title='bbox 748 3345 847 3425; x_wconf 89' lang='lat' dir='ltr'>parte</span> <span class='ocrx_word' id='word_1_192' title='bbox 874 3343 983 3407; x_wconf 89' lang='lat' dir='ltr'>incisa</span> <span class='ocrx_word' id='word_1_193' title='bbox 1013 3337 1107 3408; x_wconf 79' lang='lat' dir='ltr'>siveb</span> <span class='ocrx_word' id='word_1_194' title='bbox 1136 3345 1305 3408; x_wconf 89' lang='lat' dir='ltr'>conbusta</span> <span class='ocrx_word' id='word_1_195' title='bbox 1335 3345 1460 3409; x_wconf 89' lang='lat' dir='ltr'>damna</span> 
     </span>
     <span class='ocr_line' id='line_1_30' title="bbox 500 3431 686 3494; baseline -0.011 0"><span class='ocrx_word' id='word_1_196' title='bbox 500 3431 686 3494; x_wconf 89' lang='lat' dir='ltr'>concutiat.</span> 
     </span>
     <span class='ocr_line' id='line_1_31' title="bbox 422 3517 1458 3587; baseline 0.006 -6"><span class='ocrx_word' id='word_1_197' title='bbox 422 3518 462 3581; x_wconf 90' lang='lat' dir='ltr'>V.</span> <span class='ocrx_word' id='word_1_198' title='bbox 498 3517 552 3582; x_wconf 94' lang='lat' dir='ltr'>De</span> <span class='ocrx_word' id='word_1_199' title='bbox 574 3520 676 3583; x_wconf 91' lang='lat' dir='ltr'>vinea</span> <span class='ocrx_word' id='word_1_200' title='bbox 702 3519 811 3583; x_wconf 75' lang='lat' dir='ltr'>incisa</span> <span class='ocrx_word' id='word_1_201' title='bbox 832 3519 888 3584; x_wconf 96' lang='lat' dir='ltr'>vel</span> <span class='ocrx_word' id='word_1_202' title='bbox 915 3520 1034 3584; x_wconf 89' lang='lat' dir='ltr'>evulsa</span> <span class='ocrx_word' id='word_1_203' title='bbox 1060 3521 1130 3585; x_wconf 90' lang='lat' dir='ltr'>sive</span> <span class='ocrx_word' id='word_1_204' title='bbox 1159 3525 1377 3587; x_wconf 86' lang='lat' dir='ltr'>concremata</span> <span class='ocrx_word' id='word_1_205' title='bbox 1405 3524 1458 3587; x_wconf 85' lang='lat' dir='ltr'>ad·</span> 
     </span>
     <span class='ocr_line' id='line_1_32' title="bbox 499 3607 1085 3692; baseline 0.002 -23"><span class='ocrx_word' id='word_1_206' title='bbox 499 3611 584 3688; x_wconf 76' lang='lat' dir='ltr'>que⁶</span> <span class='ocrx_word' id='word_1_207' title='bbox 613 3609 656 3672; x_wconf 91' lang='lat' dir='ltr'>de</span> <span class='ocrx_word' id='word_1_208' title='bbox 679 3607 852 3672; x_wconf 81' lang='lat' dir='ltr'>fructibus</span> <span class='ocrx_word' id='word_1_209' title='bbox 874 3609 1085 3692; x_wconf 81' lang='lat' dir='ltr'>usurpatis⁰.</span> 
     </span>
     <span class='ocr_line' id='line_1_33' title="bbox 402 3694 1162 3779; baseline 0.001 -22"><span class='ocrx_word' id='word_1_210' title='bbox 402 3694 462 3758; x_wconf 90' lang='lat' dir='ltr'>VI.</span> <span class='ocrx_word' id='word_1_211' title='bbox 500 3694 536 3758; x_wconf 81' lang='lat' dir='ltr'>si</span> <span class='ocrx_word' id='word_1_212' title='bbox 560 3696 648 3779; x_wconf 74' lang='lat' dir='ltr'>sepis</span> <span class='ocrx_word' id='word_1_213' title='bbox 672 3696 846 3760; x_wconf 87' lang='lat' dir='ltr'>incidatur</span> <span class='ocrx_word' id='word_1_214' title='bbox 867 3696 923 3760; x_wconf 86' lang='lat' dir='ltr'>vel</span> <span class='ocrx_word' id='word_1_215' title='bbox 945 3697 1162 3762; x_wconf 85' lang='lat' dir='ltr'>incendatur.</span> 
     </span>
     <span class='ocr_line' id='line_1_34' title="bbox 381 3782 1089 3868; baseline 0.006 -23"><span class='ocrx_word' id='word_1_216' title='bbox 381 3782 463 3846; x_wconf 91' lang='lat' dir='ltr'>VII.</span> <span class='ocrx_word' id='word_1_217' title='bbox 499 3782 537 3846; x_wconf 81' lang='lat' dir='ltr'>Si</span> <span class='ocrx_word' id='word_1_218' title='bbox 559 3783 631 3866; x_wconf 88' lang='lat' dir='ltr'>pali</span> <span class='ocrx_word' id='word_1_219' title='bbox 655 3784 696 3848; x_wconf 89' lang='lat' dir='ltr'>de</span> <span class='ocrx_word' id='word_1_220' title='bbox 720 3785 858 3868; x_wconf 92' lang='lat' dir='ltr'>sepibus</span> <span class='ocrx_word' id='word_1_221' title='bbox 881 3785 1089 3850; x_wconf 89' lang='lat' dir='ltr'>incidantur.</span> 
     </span>
     <span class='ocr_line' id='line_1_35' title="bbox 362 3870 1459 3956; baseline 0.006 -22"><span class='ocrx_word' id='word_1_222' title='bbox 362 3871 465 3934; x_wconf 92' lang='lat' dir='ltr'>VIII.</span> <span class='ocrx_word' id='word_1_223' title='bbox 501 3870 539 3934; x_wconf 81' lang='lat' dir='ltr'>Si</span> <span class='ocrx_word' id='word_1_224' title='bbox 565 3872 602 3934; x_wconf 91' lang='lat' dir='ltr'>in</span> <span class='ocrx_word' id='word_1_225' title='bbox 625 3871 773 3936; x_wconf 89' lang='lat' dir='ltr'>alienam</span> <span class='ocrx_word' id='word_1_226' title='bbox 804 3873 924 3937; x_wconf 87' lang='lat' dir='ltr'>silvam</span> <span class='ocrx_word' id='word_1_227' title='bbox 955 3875 1031 3956; x_wconf 89' lang='lat' dir='ltr'>quis</span> <span class='ocrx_word' id='word_1_228' title='bbox 1061 3895 1139 3939; x_wconf 90' lang='lat' dir='ltr'>cum</span> <span class='ocrx_word' id='word_1_229' title='bbox 1162 3871 1381 3940; x_wconf 69' lang='lat' dir='ltr'>vehiculum&lt;¹</span> <span class='ocrx_word' id='word_1_230' title='bbox 1409 3898 1459 3941; x_wconf 89' lang='lat' dir='ltr'>ca-</span> 
     </span>
     <span class='ocr_line' id='line_1_36' title="bbox 499 3959 625 4042; baseline 0 -22"><span class='ocrx_word' id='word_1_231' title='bbox 499 3959 625 4042; x_wconf 84' lang='lat' dir='ltr'>piatur.</span> 
     </span>
    </p>
   </div>
   <div class='ocr_carea' id='block_1_9' title="bbox 445 4113 1457 4224">
    <p class='ocr_par' dir='ltr' id='par_1_9' title="bbox 445 4113 1457 4224">
     <span class='ocr_line' id='line_1_37' title="bbox 446 4113 984 4163; baseline 0.011 -11"><span class='ocrx_word' id='word_1_232' title='bbox 446 4116 467 4161; x_wconf 87' lang='lat' dir='ltr'>e)</span> <span class='ocrx_word' id='word_1_233' title='bbox 480 4113 554 4162; x_wconf 82' lang='lat' dir='ltr'>ipsum</span> <span class='ocrx_word' id='word_1_234' title='bbox 568 4124 659 4154; x_wconf 83' lang='lat' dir='ltr'>servum</span> <span class='ocrx_word' id='word_1_235' title='bbox 673 4115 719 4157; x_wconf 75' lang='lat' dir='ltr'>Ra.</span> <span class='ocrx_word' id='word_1_236' title='bbox 772 4116 791 4163; x_wconf 79' lang='lat' dir='ltr'>s)</span> <span class='ocrx_word' id='word_1_237' title='bbox 805 4114 923 4156; x_wconf 80' lang='lat' dir='ltr'>retardent</span> <span class='ocrx_word' id='word_1_238' title='bbox 935 4117 956 4156; x_wconf 88' lang='lat' dir='ltr'><em>R</em></span> <span class='ocrx_word' id='word_1_239' title='bbox 965 4117 984 4160; x_wconf 76' lang='lat'>2.</span> 
     </span>
     <span class='ocr_line' id='line_1_38' title="bbox 445 4166 1457 4224; baseline 0.01 -20"><span class='ocrx_word' id='word_1_240' title='bbox 445 4167 487 4208; x_wconf 87' lang='lat'>111.</span> <span class='ocrx_word' id='word_1_241' title='bbox 528 4169 550 4214; x_wconf 84' lang='lat' dir='ltr'>a)</span> <span class='ocrx_word' id='word_1_242' title='bbox 564 4168 620 4206; x_wconf 71' lang='lat' dir='ltr'>aad</span> <span class='ocrx_word' id='word_1_243' title='bbox 634 4167 682 4209; x_wconf 65' lang='grc' dir='ltr'>ΒΞ.</span> <span class='ocrx_word' id='word_1_244' title='bbox 736 4168 759 4216; x_wconf 94' lang='lat' dir='ltr'>b)</span> <span class='ocrx_word' id='word_1_245' title='bbox 773 4166 887 4209; x_wconf 76' lang='lat' dir='ltr'>dilabetur</span> <span class='ocrx_word' id='word_1_246' title='bbox 900 4170 949 4212; x_wconf 70' lang='lat'>122.</span> <span class='ocrx_word' id='word_1_247' title='bbox 1003 4172 1023 4219; x_wconf 84' lang='lat' dir='ltr'>c)</span> <span class='ocrx_word' id='word_1_248' title='bbox 1037 4168 1162 4220; x_wconf 71' lang='lat' dir='ltr'>adpllverit</span> <span class='ocrx_word' id='word_1_249' title='bbox 1175 4173 1224 4214; x_wconf 74' lang='lat' dir='ltr'>Ra.</span> <span class='ocrx_word' id='word_1_250' title='bbox 1283 4170 1306 4221; x_wconf 86' lang='lat' dir='ltr'>d)</span> <span class='ocrx_word' id='word_1_251' title='bbox 1321 4173 1395 4224; x_wconf 80' lang='lat' dir='ltr'>cibum</span> <span class='ocrx_word' id='word_1_252' title='bbox 1409 4174 1457 4216; x_wconf 74' lang='lat' dir='ltr'>aa.</span> 
     </span>
    </p>
   </div>
   <div class='ocr_carea' id='block_1_10' title="bbox 338 4219 1459 4322">
    <p class='ocr_par' dir='ltr' id='par_1_10' title="bbox 338 4219 1459 4322">
     <span class='ocr_line' id='line_1_39' title="bbox 339 4219 1459 4275; baseline 0.007 -17"><span class='ocrx_word' id='word_1_253' title='bbox 339 4220 360 4265; x_wconf 88' lang='lat' dir='ltr'>e)</span> <span class='ocrx_word' id='word_1_254' title='bbox 373 4219 444 4267; x_wconf 78' lang='lat' dir='ltr'>spinis</span> <span class='ocrx_word' id='word_1_255' title='bbox 458 4220 507 4261; x_wconf 71' lang='grc' dir='ltr'>ΒΞ.</span> <span class='ocrx_word' id='word_1_256' title='bbox 566 4220 686 4268; x_wconf 72' lang='lat' dir='ltr'>npabulis</span> <span class='ocrx_word' id='word_1_257' title='bbox 701 4221 750 4263; x_wconf 76' lang='lat' dir='ltr'>Re.</span> <span class='ocrx_word' id='word_1_258' title='bbox 810 4224 834 4272; x_wconf 74' lang='lat' dir='ltr'>g)</span> <span class='ocrx_word' id='word_1_259' title='bbox 847 4223 1009 4272; x_wconf 72' lang='lat' dir='ltr'>extiguatRl.</span> <span class='ocrx_word' id='word_1_260' title='bbox 1067 4225 1091 4273; x_wconf 89' lang='lat' dir='ltr'>h)</span> <span class='ocrx_word' id='word_1_261' title='bbox 1105 4229 1260 4266; x_wconf 84' lang='lat' dir='ltr'>concremetur</span> <span class='ocrx_word' id='word_1_262' title='bbox 1273 4226 1322 4270; x_wconf 71' lang='lat' dir='ltr'>Bt.</span> <span class='ocrx_word' id='word_1_263' title='bbox 1376 4227 1393 4275; x_wconf 87' lang='lat' dir='ltr'>i)</span> <span class='ocrx_word' id='word_1_264' title='bbox 1407 4237 1459 4266; x_wconf 86' lang='lat' dir='ltr'>oon-</span> 
     </span>
     <span class='ocr_line' id='line_1_40' title="bbox 338 4273 808 4322; baseline 0.002 -10"><span class='ocrx_word' id='word_1_265' title='bbox 338 4276 435 4312; x_wconf 84' lang='lat' dir='ltr'>sumtum</span> <span class='ocrx_word' id='word_1_266' title='bbox 449 4273 480 4312; x_wconf 87' lang='lat' dir='ltr'>sit</span> <span class='ocrx_word' id='word_1_267' title='bbox 492 4273 539 4314; x_wconf 69' lang='lat'>111.</span> <span class='ocrx_word' id='word_1_268' title='bbox 593 4273 617 4322; x_wconf 88' lang='lat' dir='ltr'>k)</span> <span class='ocrx_word' id='word_1_269' title='bbox 631 4273 682 4312; x_wconf 76' lang='lat' dir='ltr'>finit</span> <span class='ocrx_word' id='word_1_270' title='bbox 695 4274 745 4316; x_wconf 71' lang='lat' dir='ltr'>add</span> <span class='ocrx_word' id='word_1_271' title='bbox 760 4275 780 4313; x_wconf 86' lang='lat' dir='ltr'><em>R</em></span> <span class='ocrx_word' id='word_1_272' title='bbox 789 4275 808 4318; x_wconf 78' lang='lat'>2.</span> 
     </span>
    </p>
   </div>
   <div class='ocr_carea' id='block_1_11' title="bbox 338 4325 1458 4425">
    <p class='ocr_par' dir='ltr' id='par_1_11' title="bbox 338 4325 1458 4425">
     <span class='ocr_line' id='line_1_41' title="bbox 338 4325 1458 4425; baseline 0.01 -63"><span class='ocrx_word' id='word_1_273' title='bbox 338 4375 362 4425; x_wconf 72' lang='lat' dir='ltr'>d)</span> <span class='ocrx_word' id='word_1_274' title='bbox 405 4325 558 4418; x_wconf 36' lang='grc' dir='ltr'>1111ἾἸΊΒἎΙΙΙ.</span> <span class='ocrx_word' id='word_1_275' title='bbox 605 4327 627 4374; x_wconf 85' lang='lat' dir='ltr'>a)</span> <span class='ocrx_word' id='word_1_276' title='bbox 641 4326 697 4365; x_wconf 75' lang='lat' dir='ltr'>deest</span> <span class='ocrx_word' id='word_1_277' title='bbox 711 4327 760 4370; x_wconf 66' lang='lat'>132.</span> <span class='ocrx_word' id='word_1_278' title='bbox 834 4328 858 4376; x_wconf 85' lang='lat' dir='ltr'>b)</span> <span class='ocrx_word' id='word_1_279' title='bbox 871 4329 919 4369; x_wconf 80' lang='lat' dir='ltr'>sibe</span> <span class='ocrx_word' id='word_1_280' title='bbox 934 4329 982 4372; x_wconf 68' lang='lat'>122.</span> <span class='ocrx_word' id='word_1_281' title='bbox 1057 4332 1077 4379; x_wconf 91' lang='lat' dir='ltr'>c)</span> <span class='ocrx_word' id='word_1_282' title='bbox 1091 4329 1166 4380; x_wconf 80' lang='lat' dir='ltr'>adque</span> <span class='ocrx_word' id='word_1_283' title='bbox 1180 4353 1206 4362; x_wconf 83' lang='lat'>-</span> <span class='ocrx_word' id='word_1_284' title='bbox 1220 4333 1334 4382; x_wconf 77' lang='lat' dir='ltr'>usurpatis</span> <span class='ocrx_word' id='word_1_285' title='bbox 1352 4334 1396 4376; x_wconf 80' lang='lat' dir='ltr'>des.</span> <span class='ocrx_word' id='word_1_286' title='bbox 1409 4333 1458 4375; x_wconf 75' lang='lat'>122.</span> 
     </span>
     <span class='ocr_line' id='line_1_42' title="bbox 375 4389 528 4420; baseline 0.026 -4"><span class='ocrx_word' id='word_1_287' title='bbox 375 4389 464 4418; x_wconf 87' lang='lat' dir='ltr'>veco</span> <span class='ocrx_word' id='word_1_288' title='bbox 522 4409 528 4420; x_wconf 92' lang='lat'><strong>.</strong></span> 
     </span>
    </p>
   </div>
   <div class='ocr_carea' id='block_1_12' title="bbox 338 4501 1391 4578">
    <p class='ocr_par' dir='ltr' id='par_1_12' title="bbox 338 4501 1391 4578">
     <span class='ocr_line' id='line_1_43' title="bbox 338 4501 1391 4578; baseline 0.01 -23"><span class='ocrx_word' id='word_1_289' title='bbox 338 4501 365 4568; x_wconf 91' lang='lat'>1)</span> <span class='ocrx_word' id='word_1_290' title='bbox 383 4501 425 4566; x_wconf 79' lang='lat' dir='ltr'>Cf.</span> <span class='ocrx_word' id='word_1_291' title='bbox 444 4501 476 4555; x_wconf 90' lang='lat' dir='ltr'>L.</span> <span class='ocrx_word' id='word_1_292' title='bbox 496 4502 582 4567; x_wconf 77' lang='lat' dir='ltr'>Bury.</span> <span class='ocrx_word' id='word_1_293' title='bbox 601 4503 651 4568; x_wconf 87' lang='lat'>41;</span> <span class='ocrx_word' id='word_1_294' title='bbox 670 4503 722 4558; x_wconf 83' lang='lat' dir='ltr'>Ed.</span> <span class='ocrx_word' id='word_1_295' title='bbox 741 4504 820 4558; x_wconf 79' lang='lat' dir='ltr'>Roth.</span> <span class='ocrx_word' id='word_1_296' title='bbox 839 4507 905 4568; x_wconf 85' lang='lat'>148,·</span> <span class='ocrx_word' id='word_1_297' title='bbox 924 4507 1060 4574; x_wconf 80' lang='lat' dir='ltr'>Brunner,</span> <span class='ocrx_word' id='word_1_298' title='bbox 1083 4508 1127 4563; x_wconf 74' lang='lat'>¹1).</span> <span class='ocrx_word' id='word_1_299' title='bbox 1141 4509 1213 4563; x_wconf 61' lang='lat' dir='ltr'>Rc?</span> <span class='ocrx_word' id='word_1_300' title='bbox 1231 4509 1270 4578; x_wconf 86' lang='lat' dir='ltr'>II,</span> <span class='ocrx_word' id='word_1_301' title='bbox 1288 4527 1317 4578; x_wconf 84' lang='lat' dir='ltr'>p.</span> <span class='ocrx_word' id='word_1_302' title='bbox 1330 4511 1391 4566; x_wconf 74' lang='lat'>658.</span> 
     </span>
    </p>
   </div>
   <div class='ocr_carea' id='block_1_13' title="bbox 0 0 1615 5202">
    <p class='ocr_par' dir='ltr' id='par_1_13' title="bbox 0 0 1615 5202">
     <span class='ocr_line' id='line_1_44' title="bbox 0 0 1615 5202; baseline 0 0"><span class='ocrx_word' id='word_1_303' title='bbox 0 0 1615 5202; x_wconf 95' lang='lat' dir='ltr'> </span> 
     </span>
    </p>
   </div>
  </div>
 </body>
</html>
