3218 5202
292 525 344 579 104
482 521 560 578 Lux
578 521 982 582 monacensem.
1018 523 1074 594 ΠΙ,
1092 529 1118 594 4,
1137 529 1216 583 2-5.

711 699 750 756 u
781 699 989 770 nmmum.

275 811 335 916 ¹Si
361 811 512 895 puella
539 811 607 876 rel
635 812 792 877 mulier
821 807 1104 897 disponsatab
1132 815 1414 881 adulterasse

699 901 992 985 repperiatur.

399 975 457 1070 Si1
480 1007 571 1071 inter
595 1027 757 1091 sponsum
781 1011 817 1072 et
840 1029 963 1093 sponse
986 1012 1147 1093 parentes
1166 1013 1228 1074 aut
1244 1030 1322 1074 cum
1337 1011 1415 1094 ipsa

291 1095 449 1158 forsitam
483 1095 695 1172 mulierem⁰‚
732 1116 797 1180 quc
832 1097 869 1159 in
903 1118 965 1161 suo
998 1099 1164 1162 consistat
1194 1095 1412 1176 arbitriuml‚

291 1184 373 1247 dato
397 1183 508 1268 pretio
532 1187 576 1260 et,
602 1185 691 1248 sicut
715 1186 928 1249 consuetudo
947 1189 1009 1264 est,
1034 1189 1115 1251 ante
1130 1189 1238 1253 testes
1254 1187 1408 1252 tactum⁶

291 1272 458 1356 placitum
483 1273 669 1337 defuturo
693 1274 1197 1357 coniugiofueritdefinitum
1230 1280 1265 1340 et
1293 1279 1414 1360 postea
1477 1333 1485 1346 .

291 1360 408 1445 puella
429 1355 506 1424 velf
533 1361 657 1426 mulier
679 1362 890 1427 adulterium
913 1364 1109 1428 conmisisse
1134 1364 1318 1448 detegitur,
1342 1387 1414 1428 una
1476 1421 1484 1434 .

291 1470 370 1513 cum
386 1450 544 1513 adultero
560 1451 734 1534 puniatur,
758 1455 820 1515 aut
836 1455 929 1516 certe
946 1453 986 1528 ei,
1009 1452 1094 1535 quis
1113 1453 1270 1538 isponsus
1285 1453 1412 1530 fuerat,
1471 1509 1481 1523 .

291 1535 392 1602 ambo
426 1538 619 1615 tradantur,
660 1542 700 1602 ut
735 1539 777 1604 de
815 1533 888 1604 eish
928 1541 1021 1624 quod
1056 1535 1223 1605 uolueriti
1260 1541 1414 1606 faciendi

291 1626 420 1692 habeat
449 1630 667 1710 potestatem,
699 1631 734 1692 et
764 1629 914 1713 pretium
945 1629 989 1692 ad
1018 1629 1119 1692 illum
1149 1650 1321 1714 sponsum,
1353 1631 1414 1714 qui

292 1715 444 1791 dederat,
468 1719 673 1780 revertatur.

715 1886 771 1944 111.
801 1886 985 1958 anricus.

558 1998 618 2064 De
648 2000 943 2064 adulteriuma
978 2001 1137 2066 uxoris.

399 2123 436 2187 si
451 2123 637 2189 cuiuslibet
658 2145 744 2188 uxor
759 2125 971 2189 adulterium
992 2125 1117 2190 fecerit
1140 2129 1176 2190 et
1199 2125 1416 2209 deprehensa

291 2233 361 2276 non
375 2212 493 2288 fuerit,
517 2216 598 2278 ante
619 2214 767 2278 iudicem
788 2213 1053 2299 conpetentibus
1076 2214 1183 2298 signis
1197 2214 1253 2278 vel
1275 2214 1414 2278 indiciis

291 2302 434 2365 maritus
469 2305 616 2366 accuset.
670 2301 716 2365 Et
745 2303 775 2366 si
804 2302 958 2368 mulieris
988 2302 1198 2368 adulterium
1229 2302 1415 2367 manifeste

291 2390 454 2473 patuerit,
482 2390 619 2455 adulter
642 2394 678 2455 et
701 2390 861 2456 adultera
883 2392 950 2475 ipsi
971 2391 1165 2468 tradantur,
1190 2394 1230 2454 ut
1253 2391 1346 2475 quod
1370 2391 1414 2455 de

291 2479 340 2542 eis
362 2479 477 2543 lacere
499 2478 649 2545 voluerit
671 2472 728 2542 inb
752 2481 825 2544 eius
849 2480 988 2564 proprio
1012 2480 1178 2544 consistat
1201 2479 1354 2543 arbitrio.

706 2685 776 2742 1111.
807 2685 991 2755 ANTIQUA.

409 2798 452 2862 Si
482 2798 659 2863 adulter
690 2819 781 2863 cum
811 2799 1018 2864 adultera
1047 2799 1287 2863 occidatur.

397 2922 456 2986 Si²
478 2923 675 2988 adulterum
698 2944 776 2988 cum
800 2923 959 2988 adultera
981 2923 1126 2986 maritus
1149 2922 1324 3000 occiderit,
1349 2943 1414 3006 pro

291 3012 476 3076 homicidio
499 3033 569 3075 non
591 3015 762 3077 teneatur.

724 3200 760 3258 v.
790 3199 974 3270 arumna

318 3312 361 3376 Si
391 3316 517 3396 pater
546 3313 614 3378 vel
645 3314 883 3398 propinqui
912 3314 956 3376 in
986 3313 1107 3377 domo
1137 3312 1386 3376 adulteram

632 3403 882 3466 occiderint
912 3402 1067 3465 filiam.

398 3507 435 3571 Si
465 3507 571 3571 filiam
601 3509 638 3570 in
668 3508 879 3573 adulterium
908 3511 1008 3592 pater
1037 3509 1074 3571 in
1104 3508 1205 3571 domo
1235 3527 1298 3570 sna
1327 3507 1415 3571 occi-

292 3596 390 3672 derit,
421 3596 553 3659 nullam
584 3617 708 3680 penam
732 3601 793 3660 aut
817 3597 1024 3661 calumniam
1047 3597 1212 3660 incurrat.
1260 3595 1415 3660 sicerae

290 3704 462 3750 reservare
487 3705 561 3749 cam
584 3685 743 3762 voluerit,
774 3685 927 3750 faciendi
957 3686 1000 3750 de
1030 3690 1090 3750 ea⁸
1120 3688 1157 3750 et
1187 3685 1229 3749 de
1253 3684 1415 3748 adultero

398 3893 427 3934 11.
468 3896 490 3942 a)
504 3894 560 3933 dccet
575 3894 620 3936 Bt.
688 3894 711 3940 b)
725 3898 832 3944 sponsata
847 3895 892 3936 Bt.
961 3896 981 3942 e)
995 3893 1090 3932 muliere
1104 3893 1150 3935 132.
1218 3890 1242 3942 d>
1256 3891 1350 3932 arbitrio
1365 3892 1414 3934 Bt.

292 3949 312 3994 e)
327 3947 386 4008 facto
400 3946 483 3995 placito
497 3948 543 3990 1³2.
610 3948 699 3995 Odscct
713 3949 760 3990 121.
828 3950 850 3996 g)
865 3957 909 3995 que
923 3957 1017 3996 sponsus
1032 3947 1078 3989 aa.
1146 3946 1169 3994 h)
1184 3945 1219 3986 hls
1234 3947 1280 3988 Ra.
1343 3947 1359 3994 ι’)
1373 3956 1415 3984 vo-

291 4000 375 4039 lumi
389 4001 439 4095 IlIlI.
480 4056 502 4101 a)
516 4051 628 4095 adulterio
642 4054 689 4096 122.
743 4054 766 4102 b)
780 4055 805 4093 in
819 4054 867 4094 eius
881 4054 924 4096 des.
938 4055 985 4096 ΕΙ.

398 4107 424 4149 V.
465 4109 487 4156 a>
501 4108 533 4145 tta
547 4107 598 4158 1313
618 4108 689 4156 ipsam
704 4107 754 4158 1223
769 4108 819 4156 ipsa
832 4107 858 4149 a.

293 4285 319 4352 1)
340 4285 382 4350 cf.
401 4286 537 4352 Banna,
567 4286 610 4340 m.
630 4285 701 4340 aar
725 4285 769 4352 Π,
793 4303 822 4353 p.
842 4287 909 4347 cca
937 4285 1030 4351 sam,
1059 4283 1299 4350 ‘maslerant’
1322 4300 1351 4350 p.
1370 4283 1412 4337 rs.
1441 4253 1443 4256 ’

291 4356 319 4423 2)
337 4355 378 4421 Cf.
397 4357 430 4412 L.
448 4357 534 4423 Bury.
555 4358 604 4419 68,·
628 4357 660 4411 L.
680 4358 755 4411 Rom.
774 4357 861 4423 Bury.
881 4357 923 4411 25.
962 4357 1019 4409 Lea
1036 4371 1070 4408 ca
1087 4357 1147 4407 iure
1165 4356 1286 4407 Ronmno
1310 4360 1413 4421 recepta

290 4435 344 4490 απ,-
370 4429 404 4492 cf.
425 4429 452 4482 ll.
472 4430 515 4482 21.
535 4429 578 4494 24,
599 4430 660 4490 54:
678 4429 721 4483 25.
740 4429 804 4494 Dic.
823 4427 958 4494 XLVIII,
979 4429 1012 4490 5,·
1036 4445 1059 4482 v.
1079 4427 1207 4479 Brunner
1226 4426 1243 4479 l.
1262 4440 1283 4480 o.
1304 4443 1333 4493 p.
1351 4426 1411 4490 663,

291 4516 318 4553 n.
331 4501 381 4560 40,·
401 4499 554 4565 Rcccathal,
574 4499 767 4565 ‘Rechtcfolpcn
785 4501 830 4552 des
847 4499 1013 4552 Ehebructs'
1027 4516 1057 4566 p.
1069 4500 1105 4554 43
1118 4514 1171 4565 sqq.
1192 4497 1234 4552 50.
