3218 5202
349 523 428 578 LEX
445 522 562 580 VISIG.
580 521 850 580 Ruccussvmu.
887 523 926 591 11,
945 527 971 591 4,
990 527 1015 580 3.
1034 526 1060 579 4.
1231 528 1265 581 73

145 707 331 782 roborasse,
356 706 509 790 prolator
532 707 605 771 eius
628 707 792 790 probare⁰
822 705 972 783 debebit,
996 710 1115 770 utrum
1138 708 1181 772 ab
1205 709 1264 772 eis·

147 791 412 861 demirantibus
436 796 625 878 scriptura⁰
646 795 753 859 fnisse
776 795 956 859 roborata⁰
978 795 1182 861 constiterit.
1219 796 1265 859 lic

145 886 174 948 si
208 885 275 948 hoc
312 885 386 968 ipse
424 876 657 966 quibuslibetf
695 882 771 947 aliis
810 884 1024 948 documentis
1063 885 1264 949 convincere

145 974 292 1038 fortasse
321 973 526 1056 nequiverit,
557 972 770 1056 experientia
796 972 920 1036 indicis
947 973 983 1036 id
1007 974 1178 1055 requirere
1202 973 1264 1037 sol-

144 1062 250 1127 le1ter
273 1061 452 1138 curabit⁸;
483 1062 534 1124 ita
563 1063 604 1124 ut
627 1081 689 1145 pro
713 1081 835 1125 manus
858 1062 1142 1144 contropatione1
1164 1062 1264 1125 testis

145 1151 215 1228 ille,
239 1151 299 1232 qui
319 1153 434 1232 negat,
459 1150 572 1214 iudice
596 1152 755 1233 presente
778 1142 957 1226 iscribarh,
982 1150 1041 1231 qui
1058 1150 1164 1214 etiam
1186 1150 1264 1234 plus

146 1242 289 1322 cogatur
312 1238 468 1315 scribere,
500 1241 541 1301 ut
563 1238 691 1302 veritas
713 1237 852 1301 facilius
875 1238 1086 1315 innotescat;
1117 1239 1178 1302 ubi
1205 1239 1264 1303 sci·

145 1321 243 1392 liceti
275 1331 310 1392 et
334 1328 398 1390 hoo
422 1327 561 1391 omnino
588 1326 802 1409 querendum
825 1329 886 1402 est,
917 1330 958 1389 ut
989 1327 1156 1410 scripture
1187 1349 1264 1410 que·

144 1420 265 1480 rantur
295 1419 330 1479 et
360 1419 611 1499 presentemur,
643 1435 728 1497 quas
758 1409 883 1479 anieok
908 1414 994 1479 iecit
1021 1415 1091 1479 sive
1122 1417 1264 1501 suscrip-

144 1499 224 1568 sit¹.
271 1504 361 1568 Etsi
377 1505 536 1568 totaista
552 1503 751 1580 defecerint,
776 1507 861 1567 tuno
885 1504 1144 1568 condicionibus
1161 1505 1263 1570 editis

144 1595 256 1657 iurare
286 1614 356 1657 non
387 1591 536 1669 differat,
568 1593 661 1674 quod
689 1612 906 1674 nequaquam
929 1591 1046 1656 inibim
1077 1595 1264 1676 suscriptor

144 1683 336 1746 accesserit.
383 1681 430 1744 Et
457 1682 485 1744 si
513 1685 592 1765 post
621 1681 708 1745 haec
734 1700 950 1763 quocumque
976 1681 1077 1745 modo
1100 1683 1262 1766 patuerit,

144 1792 205 1855 pro
229 1770 463 1854 extinguenda
478 1771 625 1834 veritate
648 1771 834 1834 mentitum
858 1789 936 1833 eum
956 1769 1073 1846 fuisse,
1098 1770 1263 1834 falsitatis

143 1863 285 1924 notatus
316 1858 470 1934 infamia,
502 1859 531 1922 si
560 1859 738 1923 honestior
768 1878 914 1941 persona
943 1859 1063 1935 fuerit,
1096 1863 1264 1941 quantum

144 1947 204 2012 ille
234 1948 376 2031 perdere
407 1950 576 2030 potuerat,
609 1947 706 2010 cuius
734 1947 826 2030 parti
848 1947 1086 2011 testimonium
1109 1947 1263 2031 peribere

145 2036 342 2113 contemsit,
377 2039 516 2116 tantum
551 2035 657 2119 dupla
687 2036 719 2099 ei
749 2035 986 2100 satisfactione
1018 2035 1259 2118 conpellaturn

144 2125 311 2190 exolvere.
358 2124 395 2188 Si
412 2128 504 2189 certe
525 2124 668 2188 inferior
688 2127 741 2188 est
763 2144 908 2208 persona
932 2127 987 2188 et⁰
1007 2125 1099 2188 unde
1122 2125 1264 2209 duplam

143 2234 215 2278 rem
239 2215 341 2278 darc⁰
368 2234 439 2277 non
461 2213 597 2287 habeat,
623 2215 658 2277 et
680 2213 918 2276 testimonium
941 2213 1081 2277 amittat
1104 2217 1140 2277 et
1163 2224 1184 2278 0
1207 2213 1263 2277 fla-

145 2301 315 2384 gellorum
349 2302 464 2365 hictus
499 2305 658 2366 extensus
694 2301 851 2384 accipiat.
905 2301 948 2364 In
979 2301 1111 2366 duobus
1147 2306 1264 2365 autem

144 2391 277 2466 idoneis
306 2390 463 2465 testibus,
495 2411 578 2472 quos
609 2391 720 2475 prisca
744 2389 861 2472 legum
884 2390 1096 2473 recipiendos
1121 2392 1259 2454 sanxiiv

146 2479 346 2554 auctoritas,
382 2500 452 2542 non
487 2478 599 2542 solum
634 2478 919 2543 considerandum
955 2482 1020 2553 est,
1057 2500 1160 2561 quam
1194 2480 1264 2542 sint

145 2566 260 2632 idonei
288 2587 422 2649 genere,
454 2569 519 2631 hoc
544 2571 596 2631 est
618 2567 857 2631 indubitanter
880 2568 1031 2649 ingenui,
1063 2568 1261 2645 sedetiam,

147 2657 174 2719 si
196 2656 267 2720 sint
290 2657 472 2720 honestate
495 2657 621 2720 mentis
650 2656 841 2739 perspicuiol
875 2658 986 2738 adque
1013 2677 1127 2720 rerum
1158 2657 1263 2740 pleni-

147 2746 287 2810 tudiner
307 2744 474 2829 opulenti.
520 2744 611 2808 Nam
626 2745 763 2808 videtur
787 2765 859 2808 esse
884 2745 1083 2822 cavendum,
1108 2765 1152 2808 ne
1171 2745 1262 2809 forte

148 2835 287 2915 quisque
304 2833 488 2917 conpulsus
510 2833 660 2917 inopia⁸,
686 2834 768 2896 dum
783 2832 1024 2897 necessitatem
1040 2853 1109 2896 non
1124 2833 1261 2909 tolerat,

147 2923 391 3006 precipitanter
413 2922 587 3005 periurare
610 2942 680 2985 non
703 2925 847 2986 metuat.

349 3055 419 3112 1111.
449 3055 617 3112 FLAVIUS
637 3055 950 3111 GHJNDASVINDUS
968 3053 1055 3111 REX.

196 3153 328 3217 Servo
359 3172 442 3215 non
473 3152 750 3227 credendum;
783 3156 826 3216 et
856 3152 1062 3234 qualibus
1092 3153 1210 3234 regis

464 3241 604 3304 servis
629 3240 787 3304 debeat
812 3241 941 3304 credi.

250 3347 379 3411 Servo²
412 3347 550 3430 penitus
584 3367 654 3410 non
689 3347 859 3422 credatur,
896 3347 924 3410 si
956 3352 1078 3432 supera
1113 3347 1263 3430 aliquem

249 3486 271 3532 c)
286 3481 355 3523 debet
368 3483 464 3532 probare
476 3495 520 3531 pro
534 3494 567 3531 pr.
581 3480 673 3522 debebit
687 3483 733 3525 Rl.
788 3481 811 3531 d)
825 3483 857 3523 cis
873 3485 924 3533 121,
947 3481 1047 3523 ehlsdcm
1062 3485 1114 3533 Εἲς
1137 3482 1222 3524 eisdem
1236 3485 1262 3526 Ε.

146 3538 166 3587 e)
179 3539 210 3575 ita
223 3537 336 3585 R1.E1;
358 3537 493 3584 scripturam
507 3537 522 3578 f.
536 3537 664 3575 roboratam
678 3536 726 3578 Μ.
791 3537 811 3583 f>
824 3537 920 3586 quilibet
933 3538 979 3578 ΕΙ,
1040 3539 1061 3585 g)
1077 3538 1109 3575 ita
1122 3538 1176 3587 1223
1198 3548 1262 3576 cura·

147 3591 268 3640 veritR13
284 3589 374 3629 curavit
388 3589 433 3630 El.
474 3590 498 3636 h)
512 3591 596 3628 scribat
610 3589 659 3630 122.
673 3590 698 3631 Ε,
739 3589 756 3636 i)
770 3589 888 3632 licetur.
932 3590 956 3636 k)
970 3592 1002 3627 ita
1016 3591 1062 3632 Rl.
1077 3591 1127 3640 E13
1143 3592 1198 3629 deest
1213 3592 1260 3633 122.

146 3643 161 3689 l)
174 3644 308 3693 subscripsit
322 3643 370 3684 122.
417 3644 447 3688 m)
461 3643 485 3681 in
500 3643 543 3690 ipsi
559 3643 610 3692 1213
625 3641 658 3681 ibi
672 3642 725 3692 RQ
740 3643 798 3682 inivi
812 3643 858 3684 El.
909 3642 934 3693 n)
947 3644 1003 3681 deest
1017 3644 1064 3685 121,
1111 3647 1133 3690 o)
1147 3645 1179 3682 ita
1194 3645 1262 3685 Ena

146 3698 298 3745 aomosoet,
313 3697 367 3746 RQ
383 3693 479 3736 eundem
489 3694 614 3745 duplarem
624 3693 787 3738 damnareRl.
829 3695 1018 3748 pisancisitRl.
1060 3699 1082 3744 q)
1093 3698 1262 3746 prespicuilil.

146 3752 163 3797 r)
177 3748 341 3799 plenitudinem
355 3750 401 3792 Rl.
456 3751 475 3795 s)
489 3749 587 3796 inopiam
603 3750 649 3790 121.

249 3803 304 3844 1111.
346 3805 368 3849 a)
382 3813 450 3852 supra
463 3802 540 3850 aliquo
554 3803 600 3844 ΕΙ.

146 3911 170 3974 1)
191 3911 248 3961 Vox
269 3909 451 3976 ‘contropatio’
469 3908 616 3960 derivanda
634 3914 671 3959 esi
688 3924 707 3958 c
725 3908 808 3972 verbu
831 3907 900 3974 quod
917 3913 1004 3959 exsta
1022 3908 1100 3972 infra
1119 3908 1168 3974 IV,
1189 3910 1215 3973 5,
1230 3911 1261 3962 3:

143 3987 300 4048 concrepare
327 4005 358 4022 =
384 3979 464 4046 Hisp.
492 3979 659 4043 ‘contrcoar’,
685 3979 750 4032 Ital.
777 3978 956 4043 ίσοφιινουανθ,
984 3980 1053 4045 quod
1076 3980 1187 4044 flagrare,
1217 3980 1262 4030 scd

142 4053 251 4119 proprsb
275 4053 436 4117 cmqrrirerc,
462 4052 583 4113 conferre
606 4051 736 4104 munitat.
772 4049 807 4100 In
825 4049 893 4114 Lapa
909 4050 963 4103 Vis.
986 4051 1093 4116 saepius
1110 4056 1262 4116 usurpatur

144 4138 191 4188 pro
215 4124 344 4186 conferre,
370 4137 570 4188 conparare:
591 4120 779 4185 ‘ocrqlcicben’,
806 4122 876 4170 ‘zum
894 4120 987 4172 chck
1005 4121 1053 4171 der
1070 4120 1262 4185 Verqleichunq

145 4193 424 4258 zuscmnwnbrinqcn’,
448 4193 528 4243 eiiam
547 4192 702 4256 conferendo
720 4193 861 4242 aestimare
879 4191 1101 4258 recompensare.
1139 4192 1261 4242 Plocam-

146 4280 189 4329 quc
206 4265 238 4316 dc
256 4264 395 4315 collatione
412 4265 614 4330 scripturarum
631 4263 671 4314 vel
688 4278 825 4326 manuum,
845 4269 875 4312 ut
890 4262 1012 4326 hocloco,
1031 4263 1133 4314 dicitur
1144 4263 1182 4313 cd
1193 4264 1261 4314 ocri-

146 4341 221 4386 ictem
232 4337 471 4386 inctmrowntorum
480 4334 666 4400 probandam
685 4333 719 4397 of.
732 4349 772 4386 ex.
785 4350 827 4398 pr.
841 4333 880 4397 II,
899 4335 924 4398 b,
940 4335 1035 4387 13.14.
1047 4336 1089 4387 15.
1118 4334 1169 4384 Sed
1181 4335 1260 4384 eiiam

146 4406 174 4455 dc
191 4407 256 4458 aliis
273 4406 353 4458 rebus
370 4405 536 4469 conferendis
554 4407 668 4456 interce
686 4411 710 4456 ct
727 4405 901 4456 aestimandis
919 4405 1033 4455 dicitur:
1051 4404 1071 4455 I
1073 4405 1102 4469 V,
1122 4407 1148 4469 5,
1164 4407 1196 4465 3,·
1214 4404 1258 4469 VI,

148 4476 170 4541 1,
187 4479 220 4538 4,·
242 4477 280 4542 Χ,
301 4478 387 4542 1,17.
420 4477 512 4528 Extra
530 4476 693 4540 LepemVis.
711 4490 764 4526 noa
783 4475 889 4540 lapitas.
962 4476 989 4540 ⁶2)
1008 4475 1049 4538 Cf.
1068 4475 1100 4524 L.
1114 4476 1188 4526 Boni.
1205 4475 1259 4527 isia.

148 4547 220 4602 Paul.
238 4548 268 4614 V,
288 4549 331 4612 18,
352 4549 368 4601 3
387 4563 440 4614 sqq.
745 4576 749 4583 ·
