3198 5202
330 501 408 556 nux
426 500 541 582 usro.
559 471 829 555 naconssvmn
865 498 965 567 vnn,
985 502 1009 566 1,
1027 501 1107 554 5-7.
1226 502 1280 555 263

579 678 615 734 v.
646 675 859 746 curruum.

162 774 205 836 Si
245 773 436 837 alienum
475 773 738 856 mancipium
776 771 872 853 quis
910 771 1194 854 persuadeat,
1233 773 1280 833 ut

290 861 453 945 fugiat,
484 860 554 924 vel
584 861 905 925 humanitatem
934 859 1157 943 inpendat.

269 968 328 1032 si1
348 968 424 1051 quis
440 967 592 1031 alienum
608 966 818 1050 mancipium
834 965 1051 1050 persuaserit,
1075 967 1116 1027 ut
1138 965 1280 1048 fugiret,

162 1060 223 1121 aut
250 1058 292 1134 ei,
322 1078 400 1121 cum
427 1057 532 1120 sciret
558 1055 755 1138 fugitivum,
784 1054 1038 1118 humanitatem
1061 1054 1196 1117 dederit
1219 1056 1281 1116 aut

161 1147 253 1210 forte
288 1145 486 1210 detenderit
514 1144 721 1228 fugientem,
758 1144 787 1207 si
818 1136 1011 1226 fugitivush
1046 1143 1199 1226 potuerit
1233 1142 1281 1204 in-

162 1227 309 1311 venirib,
335 1234 420 1297 duos
444 1233 522 1298 cum
538 1234 658 1296 eodem
682 1233 773 1315 paris
797 1232 911 1296 meriti
934 1251 1047 1296 servos
1072 1231 1210 1294 domino
1233 1249 1281 1294 re·

162 1323 312 1387 formare
336 1325 489 1405 cogatur.
537 1321 598 1385 Sin
622 1323 738 1385 autem
761 1321 922 1384 inventus
945 1341 1015 1383 non
1033 1319 1142 1384 fuerit
1164 1319 1281 1402 fugiti-

162 1432 238 1488 vus,
275 1415 346 1475 tres
381 1431 494 1474 servos
530 1410 702 1474 eiusdem⁰
741 1409 856 1473 meriti
892 1409 1030 1472 domino
1065 1407 1283 1490 conpellatur

163 1499 345 1564 exsolvere.
404 1498 534 1562 Eadem
571 1518 707 1580 quoque
747 1501 782 1562 et
817 1499 859 1562 de
898 1497 1033 1561 ancillis
1073 1497 1281 1580 precipimus

164 1589 346 1652 custodire.

571 1668 622 1725 VI.
653 1667 865 1738 ANTIQUAa.

190 1765 235 1829 Si
264 1757 468 1848 ignotusl'
501 1764 624 1827 homo
655 1767 887 1846 susceptus
917 1762 1069 1826 multis
1100 1762 1254 1826 diebus

428 1855 533 1936 aput
564 1852 698 1916 alium
728 1854 1015 1916 conmoretur.

271 1959 329 2023 si2
363 1961 449 2044 aput
480 1963 748 2042 quemcumquee
783 1959 933 2041 quinque
962 1958 1018 2022 vel
1049 1961 1180 2041 septem
1210 1957 1282 2022 dies

163 2050 266 2113 homo
301 2042 466 2132 ignotustl
505 2050 566 2111 aut
599 2048 712 2112 latens
747 2050 909 2124 moretur,
945 2047 1005 2130 qui
1039 2066 1118 2110 eum
1153 2047 1282 2130 ospicio

164 2137 315 2221 suscepit
337 2137 393 2200 vel
416 2136 671 2200 humanitatem
700 2136 797 2202 dedit
825 2139 906 2200 ante
931 2137 1006 2200 die⁰
1033 2138 1183 2200 testetur
1206 2135 1283 2198 hoc·

163 2227 304 2290 tabum⁰
325 2225 433 2289 iudici
448 2225 504 2289 vel
518 2225 646 2289 vicario
670 2225 822 2308 proxime
847 2224 998 2289 civitatis
1022 2226 1084 2288 aut
1105 2223 1281 2301 territorii,

131 2366 137 2379 .
163 2318 230 2377 utl
248 2314 353 2391 illius,
377 2314 437 2396 qui
455 2315 492 2376 in
510 2314 586 2377 loco
601 2313 711 2377 maior
726 2317 787 2391 est,
811 2313 1083 2395 interrogatione
1100 2312 1282 2389 discussus,

131 2455 137 2468 .
164 2403 224 2487 qui
254 2404 300 2466 sit
329 2405 391 2466 aut
421 2405 561 2487 propter
591 2403 675 2485 quid
703 2395 833 2480 venitf,
869 2402 1004 2486 possitss
1037 2401 1185 2484 agnosci.
1240 2400 1284 2462 In

164 2492 334 2555 limitibus
369 2494 527 2574 preterea
560 2491 813 2575 provinciarum
843 2491 952 2554 maior
981 2489 1179 2554 sollicitudo
1211 2509 1283 2573 pre-

165 2583 285 2657 stetur,
320 2581 370 2642 ita
405 2583 445 2642 ut
475 2581 551 2662 ipsa
580 2583 641 2642 aut
671 2580 782 2644 altera
811 2579 867 2661 die
897 2579 970 2643 eius
1000 2577 1198 2662 publicetur
1228 2578 1284 2640 ad-

164 2672 297 2733 ventus.
352 2667 454 2748 Quod
483 2669 513 2732 si
541 2669 635 2732 intra
664 2668 728 2732 hos
758 2670 836 2731 octo
867 2667 939 2746 dies
968 2687 1039 2730 non
1069 2668 1283 2730 contestatus

164 2757 273 2822 tuerit
302 2757 362 2840 qui
392 2757 552 2841 suscepit,
584 2760 619 2820 et
650 2755 860 2839 mancipium
882 2755 919 2818 in
943 2755 1044 2819 domo
1068 2775 1130 2818 sua
1152 2774 1284 2817 moram

165 2845 297 2923 fecerit,
322 2846 429 2909 alium
444 2845 552 2910 talem
568 2866 645 2908 cum
662 2865 702 2909 eo
719 2844 857 2908 domino
872 2843 1044 2920 restituat,
1068 2843 1149 2926 quia
1171 2841 1285 2905 noluit

166 2935 362 2998 contestari.
410 2934 447 2997 Si
468 2954 549 2998 vero
572 2935 610 2996 in
629 2933 715 3017 fuga
739 2931 870 2998 celatus
894 2932 1050 3008 evaserit,
1074 2923 1217 3015 hospis¹¹
1236 2950 1284 2995 re·

165 3023 281 3105 quirat
310 3023 514 3106 fugitivum3
545 3042 646 3105 quem
677 3022 706 3085 si
734 3042 805 3085 non
828 3020 982 3104 potuerit
1003 3020 1166 3097 invenire,
1198 3019 1283 3083 duos

166 3111 297 3194 equalis
321 3110 435 3176 meriti
459 3104 647 3195 mancipiai
679 3110 817 3174 domino
842 3112 985 3193 cogatur
1008 3108 1190 3174 exsolvere.

564 3263 632 3321 VH.
662 3262 876 3332 ANTIQUAss.

167 3358 209 3422 si
240 3379 390 3423 servus
420 3358 660 3442 fugitivum
691 3351 860 3423 sciensb
894 3358 1004 3421 viam
1035 3356 1284 3420 ostenderit

605 3446 841 3530 fugienti0.

272 3553 310 3617 si
340 3573 456 3618 servus
489 3553 632 3618 alterius
666 3553 853 3636 fugitivum
885 3546 1020 3618 sciensb
1053 3552 1145 3620 viam
1174 3554 1285 3616 osten·

166 3642 255 3706 derit
265 3641 285 3720 ³,
322 3641 351 3704 si
385 3642 493 3706 fuerit
526 3641 722 3725 fugitivus⁸
759 3642 934 3720 inventus,
970 3637 1040 3705 sive
1076 3640 1181 3706 etiam
1215 3660 1286 3703 non

166 3731 319 3814 potuerit
333 3730 490 3807 inveniri,
508 3750 634 3807 servus,
651 3731 711 3813 qui
726 3731 793 3795 iter
808 3731 1022 3808 monstravit,
1043 3729 1285 3793 tantummodo

166 3830 187 3884 O
210 3818 427 3901 flagellorum
450 3818 602 3883 hictibus
625 3818 839 3897 verberetur3
870 3822 905 3884 et
929 3819 1067 3883 domino
1092 3818 1164 3883 eius
1187 3817 1286 3881 nulla

166 3907 341 3971 calumnia
362 3911 551 3972 moveatur.

273 4061 299 4103 V.
340 4064 362 4110 a)
376 4063 432 4101 deest
446 4063 495 4104 122.
549 4062 572 4111 b)
586 4062 706 4112 fugitivum
721 4073 743 4111 p.
756 4062 861 4102 invenire
875 4063 924 4104 199.
978 4064 998 4110 c)
1013 4059 1064 4101 dem
1078 4062 1135 4100 deest
1149 4061 1195 4102 121.

272 4115 310 4156 VI.
352 4116 374 4163 a)
389 4117 445 4154 decet
458 4115 507 4157 132.
572 4115 784 4165 b)iguoratusR1.
849 4117 870 4164 c)
885 4125 1024 4164 quecumque
1038 4116 1084 4157 121.
1148 4113 1171 4166 d)
1185 4113 1287 4162 incogni-

167 4168 332 4259 tupuletsgffle)
346 4166 406 4208 diem
421 4174 436 4210 t.
451 4169 547 4208 hoctabo
561 4169 610 4210 122.
657 4169 779 4220 Oveuerlt
792 4170 841 4211 132.
888 4171 911 4218 g)
925 4168 999 4218 poscit
1012 4169 1057 4210 ΕΙ.
1103 4168 1127 4216 h)
1141 4168 1222 4216 hospes
1237 4167 1286 4209 122.

166 4219 183 4270 ¹)
272 4252 323 4316 vri.
364 4275 518 4322 asamar.
573 4275 797 4321 minsmenscr.
852 4272 1090 4324 crumenarum

167 4396 193 4462 1)
211 4397 252 4462 Cf.
272 4398 304 4452 L.
324 4399 411 4464 Bury.
431 4401 456 4463 6,
475 4401 501 4452 4.
521 4400 546 4452 9.
641 4399 669 4465 2)
688 4399 729 4463 Cf.
749 4399 781 4452 L.
801 4399 888 4464 Bury.
907 4401 951 4464 39,
973 4400 996 4452 1.
1015 4401 1049 4462 2;
1074 4413 1160 4466 ευριπ
1177 4414 1198 4452 o.
1217 4399 1243 4463 3,
1263 4403 1287 4449 ct

166 4469 244 4532 infra
262 4470 288 4523 8.
348 4469 388 4538 ,3)
407 4469 448 4534 Cf.
468 4471 500 4524 L.
519 4471 604 4535 Bury.
624 4471 649 4536 6,
670 4472 695 4524 9.
