3198 5202
307 473 360 528 308
520 469 598 524 LEX
616 469 733 528 VISIG.
751 469 1021 527 REOOESSVIND.
1058 470 1125 540 XII,
1144 475 1226 540 2,14.

308 657 344 718 et
367 655 509 718 mansio.
546 653 646 732 Quod
670 654 698 717 si
721 653 773 716 ita
788 655 977 737 proveniat,
1001 657 1042 717 ut
1066 655 1154 731 hii¹¹,
1179 655 1238 736 qui
1261 655 1427 718 transacti

308 743 448 820 inerint,
481 743 569 805 nihil
597 743 634 804 in
662 762 724 805 suo
753 746 937 806 cernantur
965 743 1092 807 habere
1116 743 1261 828 peculio,
1290 746 1427 806 tantum

308 832 395 894 hiis⁰
417 831 596 914 mancipiis
618 830 890 894 avenditoribus
914 831 995 895 dare
1019 831 1235 916 precipimus,
1260 834 1428 914 quantum

308 919 379 982 illis
409 919 567 982 sufficere
603 919 647 982 ad
677 919 902 983 excolendum
931 919 987 984 vel
1017 920 1280 1002 gubernandum
1316 941 1351 984 se
1382 921 1428 984 in-

308 1008 441 1072 venerit
476 1007 706 1090 comparantis
740 1005 878 1084 electio,
918 1027 962 1071 111
997 1008 1060 1071 sub
1095 1009 1234 1072 nomine
1270 1009 1428 1072 emtionis

308 1102 403 1159 nonp
437 1098 535 1159 taml’
568 1095 766 1171 transactio,
803 1116 906 1178 quam
936 1096 1115 1160 videaturq
1149 1117 1222 1160 esse
1252 1097 1427 1160 exiliumr.

308 1184 505 1249 Libertare⁸
526 1204 607 1248 vero
627 1205 762 1248 servum
779 1184 1006 1247 christianum
1022 1184 1181 1249 Hebreus
1204 1186 1235 1248 si
1257 1185 1427 1260 maluerit,

309 1274 353 1337 ad
378 1273 503 1336 civium
523 1273 757 1335 Romanorum
781 1273 988 1354 dignitatem
1011 1274 1159 1358 eundem
1182 1275 1428 1338 manumittere

309 1361 465 1436 debebit,
496 1360 586 1424 nulli
617 1359 749 1424 scilicet
772 1359 911 1424 Hebreo
939 1381 1003 1425 nec
1028 1362 1171 1426 cuilibet
1194 1362 1358 1445 obsequio
1381 1382 1429 1424 re-

308 1445 478 1525 11111101,
503 1450 563 1512 sed
578 1448 686 1512 vitam
703 1469 799 1511 suam
816 1449 876 1512 ubi
892 1450 1041 1514 voluerit
1064 1451 1292 1514 manumissus
1309 1451 1429 1534 procul

309 1538 378 1601 abu
405 1537 648 1602 Hebreorumu
676 1538 848 1600 consortio
878 1539 1095 1620 transigendi
1124 1539 1252 1602 habeat
1282 1542 1429 1622 potesta-

308 1630 390 1690 tem.
426 1625 527 1704 Quod
550 1626 579 1689 si
603 1625 831 1688 calliditatisv
849 1625 1088 1690 fraudulentia
1104 1627 1263 1691 Hebreus
1280 1628 1429 1690 infestus

309 1715 542 1778 venditionem
573 1714 684 1795 adque
714 1713 912 1777 libertatem
940 1714 1006 1778 tali
1033 1716 1096 1779 sub
1126 1716 1205 1779 dolo
1229 1715 1427 1792 confecerit,

309 1807 349 1866 ut
373 1803 519 1884 quedam
544 1802 755 1885 deceptionis
776 1803 1031 1885 argumentatio
1047 1804 1102 1868 vel
1117 1805 1328 1868 venundatio
1345 1805 1429 1868 velW

309 1891 530 1954 manumissio
564 1890 691 1953 futuris
726 1891 939 1974 temporibus
974 1891 1090 1956 invido
1126 1892 1205 1955 dolo
1240 1894 1428 1975 preveniat,

309 1982 478 2061 quatenus
502 1979 595 2042 hune
619 1979 817 2062 captiositas
841 1980 986 2044 ementis
1010 1980 1121 2063 adque
1144 1981 1325 2045 vendentis
1351 1982 1429 2044 dolo

310 2067 400 2130 malo
432 2067 598 2150 decipiat:
630 2067 733 2130 huius
764 2066 907 2130 nefandi
936 2068 1087 2132 isceleris
1116 2073 1359 2150 argumentum
1383 2071 1429 2132 in-

310 2176 442 2238 genuus
466 2156 494 2217 si
518 2156 717 2238 prodiderit,
744 2155 949 2219 facultatem
972 2157 1039 2220 sibi
1061 2157 1279 2240 profuturam
1302 2158 1340 2219 in
1364 2178 1429 2221 om·

309 2244 410 2306 nibus
427 2244 528 2307 Iudei
552 2244 730 2327 percipiat.
767 2243 983 2307 Christianus
1006 2266 1043 2309 re
1066 2266 1156 2321 vera,
1181 2266 1283 2327 quem
1308 2247 1429 2308 similis

309 2333 496 2415 presumtio
531 2353 627 2395 reum
662 2332 823 2408 feceritw,
859 2332 965 2395 nullis
1000 2335 1028 2396 si
1062 2333 1170 2397 fuerit
1200 2334 1429 2398 facultatibus

309 2421 415 2496 latus,
451 2421 487 2482 in
518 2421 657 2484 servitio
693 2421 749 2484 cui
779 2421 936 2504 princeps
966 2422 1116 2485 voluerit
1149 2423 1338 2505 redigatur.
1394 2423 1430 2485 Si

309 2530 424 2573 rernm
452 2512 545 2573 certe
573 2509 627 2571 illi
655 2507 991 2586 ambitio¹·1fuerir,
1023 2510 1209 2573 medietate
1240 2511 1322 2574 fisco
1354 2533 1429 2574 eon-

309 2598 436 2672 iuneta,
462 2600 629 2681 perpetua
652 2598 724 2680 ipse
740 2600 881 2660 notetur
896 2597 1051 2661 infamia.
1088 2598 1211 2662 Servus
1228 2620 1308 2662 1110
1325 2601 1428 2663 huius

310 2686 510 2749 calliditatis
542 2687 697 2749 detector
727 2685 875 2749 liberum
899 2705 934 2749 se
957 2687 1108 2768 gaudeat
1132 2687 1364 2770 profuturum,
1395 2692 1429 2752 et

308 2775 345 2836 in
369 2776 442 2837 eius
466 2775 632 2837 consistat
660 2774 823 2836 adsiduus
851 2775 1052 2858 patrocinio,
1084 2776 1121 2837 in
1149 2776 1245 2838 cuius
1277 2778 1430 2840 cernitur

309 2865 451 2926 actenus
475 2864 582 2926 luisse
606 2861 753 2926 servitio.
801 2861 850 2924 Ut
874 2865 989 2925 autem
1013 2864 1086 2926 eius
1110 2864 1303 2926 firmissima
1330 2865 1429 2928 liber·

308 2954 362 3013 tas
396 2954 608 3034 permaneat,
639 2951 807 3013 vicarium
837 2971 857 3012 a
887 2951 968 3013 fisco
1003 2971 1138 3014 servum
1173 2952 1331 3016 dominus
1368 2974 1429 3037 pro

310 3041 429 3103 eodem
453 3040 609 3122 accipiat,
635 3042 670 3103 et
693 3039 832 3121 insuper
855 3037 980 3100 libram
1003 3041 1079 3102 auri
1102 3040 1145 3102 ab
1165 3041 1257 3123 ipsis,
1282 3061 1430 3122 quorum

309 3127 478 3190 revelabit
501 3128 639 3202 scelera,
662 3127 716 3189 illi
740 3129 860 3190 exacta
884 3127 1050 3210 proficiat.
1094 3126 1194 3206 Quod
1217 3129 1246 3190 si
1269 3128 1429 3194 Hebreus

310 3216 563 3279 circumciderit
606 3216 833 3278 christianum
881 3219 942 3277 ant
986 3217 1210 3279 christianam
1251 3217 1288 3279 in
1332 3238 1429 3281 suam

309 3308 438 3367 sectam
461 3306 609 3368 ritumve
625 3303 868 3379 transduxerit,
887 3324 964 3365 cum
981 3308 1170 3368 aumentoy
1190 3306 1428 3368 denuntiantis

310 3393 452 3475 capitali
474 3392 650 3455 subiaceat
673 3391 852 3475 supplicio,
877 3391 1017 3473 eiusque
1041 3393 1113 3456 sine
1138 3393 1243 3456 dubio
1269 3393 1359 3456 bona
1382 3396 1428 3457 in-

310 3484 514 3544 cunctanter
542 3481 607 3543 sibi
634 3481 787 3543 vindicet
815 3480 926 3542 fiscus.
973 3480 1148 3563 Mancipia
1169 3501 1260 3558 1110,
1293 3503 1360 3563 que
1389 3503 1429 3546 ex

311 3569 576 3632 christianorum
607 3572 641 3631 et
671 3568 889 3631 Hebreorum
924 3568 1079 3631 conubiis
1111 3572 1195 3632 nata
1224 3569 1280 3632 vel
1310 3571 1429 3652 genita

310 3676 382 3720 esse
412 3660 612 3734 noscuntur,
648 3657 684 3719 id
719 3656 893 3719 observari
925 3657 1132 3734 censuimus,
1169 3660 1210 3719 nt
1240 3658 1429 3721 christiana

310 3745 516 3810 efficiantur.
564 3745 601 3807 Si
625 3748 716 3808 certe
740 3744 799 3820 hii,
825 3746 883 3827 qui
906 3745 942 3806 in
966 3745 1037 3806 ritu
1060 3744 1300 3809 Hebreorumz
1322 3749 1429 3810 trans·

310 3834 406 3897 ducti
437 3841 526 3908 sunt,
557 3834 595 3895 in
625 3854 665 3897 ea
694 3833 839 3916 perfidia
861 3833 991 3896 istanel
1017 3833 1199 3910 voluerint,
1224 3837 1265 3896 ut
1288 3835 1428 3898 minime

310 3923 354 3985 ad
379 3925 533 3984 sanctam
557 3914 679 3984 fidemb
708 3922 919 4004 perveniant,
951 3921 988 3982 in
1016 3925 1188 3984 conventu
1216 3923 1336 4005 populi
1358 3944 1428 3986 ver-

309 4010 447 4074 beribus
478 4010 546 4073 cesi
577 4010 687 4092 adque
717 4009 867 4092 turpiter
896 4010 1068 4072 decalvati
1098 4010 1295 4087 christiano,
1326 4012 1382 4074 cui
1409 4032 1428 4072 a

415 4147 541 4193 11))11112,
622 4145 756 4192 ο)1111Β2.
837 4147 860 4193 p)
880 4148 934 4183 nota
948 4145 999 4195 131,
1022 4148 1097 4184 notam
1111 4145 1160 4186 122.
1241 4148 1264 4195 q)
1278 4145 1369 4186 videtur
1383 4148 1427 4188 121.

310 4202 329 4249 r)
344 4201 411 4239 exilio
425 4200 472 4241 121.
554 4201 573 4246 s)
587 4199 695 4238 Liberare
709 4199 758 4240 132.
842 4201 858 4245 t)
872 4202 962 4236 servato
978 4202 1001 4236 et
1010 4209 1054 4246 pro
1069 4209 1111 4238 res.
1126 4197 1167 4237 scd
1181 4199 1227 4240 ΕΙ.
1308 4202 1331 4247 u)
1346 4201 1427 4239 habere

310 4265 373 4292 orum
394 4254 445 4301 1³1,
472 4252 500 4290 ab
522 4252 639 4290 ebreorum
660 4252 708 4292 Ra.
785 4253 808 4298 v)
829 4249 962 4300 galllditatis
984 4251 1030 4292 Rl.
1111 4253 1140 4298 11)
1162 4252 1199 4290 vel
1219 4274 1245 4281 -
1266 4263 1329 4290 reum
1350 4253 1428 4291 fecerit

309 4309 398 4355 dauns,
411 4307 423 4344 6
438 4307 500 4343 lineis
517 4305 591 4342 vacuis
607 4305 687 4342 relictis
705 4305 754 4345 132.
835 4307 858 4352 x)
877 4305 909 4341 lla
927 4304 975 4344 Ra.
992 4304 1046 4353 E13
1068 4303 1178 4342 habinitio
1196 4305 1246 4355 1³13
1269 4305 1363 4344 abitatlo
1382 4306 1428 4345 aa

310 4362 333 4412 y)
347 4363 467 4407 augmento
481 4358 529 4398 122.
578 4355 733 4406 z)1udeorum
747 4357 796 4399 Rs.
844 4359 865 4404 a)
880 4362 940 4395 stare
954 4357 1002 4398 ΒΞ.
1051 4357 1073 4404 b)
1088 4355 1332 4406 fidem-permanere
1346 4359 1427 4406 desunt,

310 4413 321 4452 7
336 4413 398 4450 lineis
412 4413 485 4449 vacua
498 4411 579 4448 relictis
593 4411 640 4451 122.

311 4517 338 4584 1)
357 4516 493 4567 ‘Ambitio’
507 4540 538 4558 =
552 4515 692 4584 splcadmn·
710 4516 744 4578 cf.
762 4517 787 4568 2.
801 4515 867 4569 Par.
882 4516 923 4579 16,
940 4516 988 4577 14,·
1008 4516 1031 4568 l.
1045 4515 1128 4570 Maro.
1147 4518 1171 4581 9,
1185 4519 1235 4578 37,·
1253 4515 1311 4571 Act,
1328 4518 1371 4581 25,
1385 4518 1426 4570 23.
