3264 5206
375 514 453 570 LEX
472 513 586 571 VISIG.
606 513 874 571 REOCESSVIND.
910 513 981 584 1111,
1000 519 1026 581 3,
1045 519 1070 571 3.
1089 519 1115 570 4.
1254 519 1305 573 135

184 702 331 776 fuerint,
367 699 426 782 qui
462 699 697 762 defensionem
732 698 920 781 suscipiant
952 692 1184 773 omanorum,
1220 705 1305 762 tunc

184 793 330 872 patruus
353 787 409 852 vel
432 788 548 871 patrui
572 786 663 850 filius
686 785 807 862 tutele,
833 786 968 869 qualem
989 787 1031 850 de
1046 787 1213 851 fratribus
1231 807 1305 850 con·

185 878 372 953 stituimus,
404 876 640 940 condicionem
670 875 844 958 suscipiat.
892 873 993 953 Quod
1016 876 1045 938 si
1067 895 1131 939 nec
1162 879 1305 958 patruus

184 986 250 1030 nec
274 966 389 1049 patrui
413 965 514 1042 filius,
540 964 598 1047 qui
622 964 725 1046 digne
747 963 894 1027 tutelam
915 963 1080 1048 suscipiat
1096 964 1303 1039 orfanorum,

184 1055 303 1130 fuerit,
328 1058 412 1117 tunc
427 1055 525 1116 tutor
548 1051 591 1116 ab
608 1052 685 1116 aliis
709 1051 909 1135 parentibus
933 1052 970 1114 in
986 1053 1160 1136 presentia
1182 1053 1305 1116 iudicis

185 1143 346 1226 eligatur.
393 1142 439 1205 Et
462 1143 533 1206 sive
557 1145 667 1205 mater
689 1139 847 1216 tutelam,
874 1141 943 1205 sive
968 1141 1174 1223 quicumque
1198 1161 1305 1204 susce·

184 1232 290 1314 perit,
326 1230 543 1314 presentibus
577 1228 724 1294 testibus
755 1228 811 1294 vel
843 1229 1044 1313 propinquis
1075 1230 1117 1293 de
1147 1229 1306 1294 omnibus

184 1320 299 1394 rebus,
325 1340 408 1401 quas
424 1322 523 1402 pater
537 1317 695 1400 reliquid,
721 1317 853 1381 brevis²
875 1317 990 1382 factus
1013 1318 1120 1380 trium
1139 1317 1194 1382 vel
1211 1318 1306 1400 quin·

185 1429 253 1490 que
281 1409 425 1472 testium
454 1407 681 1490 suscriptione
705 1407 870 1482 firmmur,
902 1409 938 1470 et
967 1406 1183 1489 presentibus
1212 1407 1305 1490 ipsis,

183 1499 246 1578 qui
270 1498 315 1560 ad
339 1489 502 1560 brevemk
528 1495 727 1559 faciendum
755 1498 862 1558 testes
885 1494 1118 1570 interfuerint,
1148 1495 1306 1578 episcopo

186 1589 249 1649 aut
279 1585 492 1668 presbytem,
524 1603 626 1666 quem
656 1586 816 1667 parentes
847 1582 1028 1666 elegerint,
1061 1577 1199 1647 brebes¹
1230 1603 1306 1646 con-

185 1675 378 1750 mendetur,
395 1671 594 1747 minoribus,
613 1672 696 1735 dum
712 1671 935 1746 adoleverint,
951 1672 1200 1735 reformandus.
1234 1671 1306 1734 Sta-

13 1769 14 1816 ?
98 1822 111 1833 .,
184 1766 325 1826 tuentes
349 1762 462 1838 etiam,
492 1765 541 1836 ut,
571 1762 600 1824 si
628 1781 693 1842 que
723 1764 842 1823 contra
871 1761 1042 1823 minorum
1066 1780 1227 1844 personas
1251 1761 1306 1823 ad-

185 1871 283 1914 verse
314 1851 551 1914 accesserintm
582 1850 743 1925 actiones,
775 1849 829 1911 his
859 1849 1111 1913 intentionibus
1141 1852 1246 1924 tutor,
1278 1849 1307 1912 si

185 1939 365 2021 helegerit,
391 1939 516 2002 debeat
540 1958 660 2021 parare
683 1957 894 2021 responsum.
931 1936 1032 2002 Certe
1057 1938 1085 2000 si
1107 1937 1305 2013 neclexerit,

184 2029 358 2111 repetenti
382 2047 448 2109 que
464 2027 619 2110 postulat
643 2047 663 2089 a
679 2026 792 2089 iudice
809 2026 1053 2102 restituantur;
1079 2025 1173 2089 salvo
1189 2029 1306 2090 tamen

186 2118 359 2180 minorum
387 2115 537 2199 negotio,
568 2116 650 2178 dum
678 2113 902 2190 adoleverint,
934 2115 978 2177 ad
1006 2114 1180 2196 integrum
1203 2115 1307 2178 refor-

186 2206 362 2268 mandum.
410 2204 477 2268 Ille
500 2224 589 2278 vero,
621 2204 680 2285 qui
711 2204 755 2266 ad
785 2222 924 2287 presens
951 2223 1022 2266 rem
1051 2203 1160 2285 ipsam
1190 2207 1307 2287 petere

187 2293 317 2377 ceperit
326 2299 355 2368 ¹¹,
387 2294 415 2356 si
445 2294 482 2354 in
512 2292 649 2367 iudicio,
682 2291 765 2354 dum
794 2292 868 2375 ipse
899 2291 1009 2354 minor
1033 2291 1231 2367 adoleverit,
1262 2289 1306 2355 ab

187 2383 308 2445 eodem
338 2382 444 2446 tuerit
474 2381 599 2455 victus,
636 2399 702 2462 que
737 2384 917 2463 acceperat
950 2400 1025 2444 cum
1057 2383 1307 2444 retroactorum

185 2475 381 2554 temporum
396 2469 568 2533 fructibus
592 2469 662 2532 sive
678 2469 825 2532 servitiis
848 2469 914 2552 ipsi
929 2467 1053 2531 minori
1076 2471 1137 2532 aut
1161 2469 1307 2553 parenti·

188 2559 252 2622 bus
276 2560 358 2635 eius,
384 2578 445 2622 seu
468 2559 512 2621 ad
535 2577 636 2640 quem
660 2558 735 2640 ipsa
756 2556 907 2621 facultas
930 2557 1020 2620 iuste
1043 2557 1228 2633 transierit,
1252 2556 1307 2620 vel

187 2648 244 2711 cui
275 2647 414 2710 conlata
442 2647 558 2722 fuerit,
590 2646 829 2710 indubitanter
858 2645 1031 2709 restituat.
1078 2645 1123 2708 Et
1151 2665 1212 2728 pro
1236 2665 1307 2729 pre·

187 2737 359 2799 sumtione
375 2756 446 2812 sua,
472 2736 561 2817 quia,
582 2735 694 2816 qu0d⁰
715 2735 751 2796 in
767 2734 894 2797 iudicio
910 2735 1084 2797 vindicare
1100 2754 1170 2797 non
1185 2733 1305 2809 valuit,

126 2853 155 2888 a.
187 2825 346 2908 petierat,
370 2825 510 2907 insuper
532 2834 560 2889 X
584 2823 712 2888 solidus
737 2826 875 2886 coactus
899 2822 1045 2886 exolvat.

276 3012 347 3068 ΙΠΙ.
378 3011 547 3066 FLAVIUS
566 3010 780 3066 GLORIOSUS
798 3009 1107 3066 REOOESSVINDUS
1126 3010 1213 3066 REX.

186 3125 248 3189 Ne
278 3128 476 3188 tutoresa
509 3123 558 3188 ab
588 3125 666 3201 eis,
699 3145 802 3206 quos
833 3124 876 3185 in
907 3122 1102 3186 tuitione
1133 3122 1305 3199 habent,

187 3233 480 3295 quascumque
503 3213 768 3296 iscripturas
793 3215 1035 3293 extorquere
1060 3214 1307 3295 presumant.

296 3337 389 3400 Dum
407 3337 576 3399 minorum
593 3339 676 3412 etas,
694 3337 731 3399 in
748 3336 846 3399 annis
862 3334 1091 3458 pupillaribus
1108 3335 1305 3411 constituta,

186 3446 252 3490 nec
281 3446 405 3489 senec
432 3424 524 3489 bona
551 3445 614 3488 sua
640 3444 758 3507 regere
787 3427 901 3508 posset
933 3474 939 3500 ,
971 3423 1059 3487 bene
1089 3423 1224 3506 legibus
1255 3427 1308 3487 cst

187 3517 375 3590 decretum,
405 3534 462 3578 eos
491 3517 526 3578 et
555 3513 618 3577 sub
643 3513 817 3576 tutoribus
840 3532 922 3588 esse,
947 3512 1043 3575 etin
1067 3531 1185 3576 eorum
1208 3531 1307 3594 nego-

186 3603 247 3666 tiis
282 3603 374 3684 quod
408 3602 533 3666 statuti
568 3601 650 3665 anni
686 3601 835 3666 debeant
867 3601 1058 3684 conputari.
1109 3599 1199 3678 Quia
1227 3621 1307 3664 vero

187 3693 329 3773 quidam
358 3693 491 3754 tutores
525 3695 586 3753 aut
616 3691 774 3754 suasione
810 3693 870 3752 aut
900 3689 1138 3770 indignatione
1169 3690 1308 3753 circum·

187 3781 343 3853 veniunt,
375 3800 459 3862 quos
488 3779 580 3842 tueri
610 3778 802 3862 gratissime
831 3777 1035 3854 debuerunt,
1068 3780 1103 3842 et
1133 3778 1176 3841 dc
1206 3778 1308 3841 rebus

186 3869 363 3932 reddende
391 3868 554 3930 rationis⁰
584 3867 785 3931 securitates
810 3867 983 3950 accipiant
1006 3866 1061 3930 vel
1085 3870 1178 3930 certe
1202 3867 1308 3929 diver-

189 3978 303 4020 sarum
342 3957 594 4039 obligationum
632 3956 819 4039 scripturas
858 3955 901 4019 ab
936 3954 1006 4018 illis
1041 3954 1226 4037 exigendas
1260 3955 1308 4017 in-

297 4147 314 4197 i)
327 4147 457 4186 munorum
470 4147 517 4187 121.
571 4146 595 4194 k)
609 4145 678 4184 brebe
693 4145 742 4187 Re.
796 4144 812 4190 1>
826 4143 902 4184 brevis
916 4145 965 4186 Ra.
1019 4143 1308 4193 m)cl.m.su1opl.audes-

191 4201 261 4240 scrr'nt
275 4201 322 4241 121.
376 4202 399 4248 n)
414 4200 475 4249 cepit
488 4199 537 4241 122.
591 4200 614 4247 ο)
628 4199 684 4237 deest
698 4199 736 4236 hoc
750 4199 808 4244 loco,·
823 4198 926 4235 insertum
941 4202 971 4236 cst
980 4203 1030 4246 post
1044 4197 1117 4237 valuit
1130 4199 1151 4236 R
1160 4199 1179 4239 2.

297 4253 351 4294 1111.
391 4255 413 4301 a)
428 4257 528 4292 teniores
543 4253 590 4294 Rl.
643 4251 666 4300 b)
681 4251 768 4300 possint
782 4251 830 4292 122.
885 4253 906 4298 c)
920 4252 1019 4290 rationes
1033 4251 1080 4292 Rl.

194 4413 219 4477 1)
237 4412 275 4464 De
293 4412 449 4464 huiusmodi
466 4412 586 4464 brevibrm
603 4411 749 4463 inventarii
768 4411 820 4463 loce
838 4411 946 4477 saeptis
964 4411 998 4474 cf.
1011 4413 1091 4462 etiam
1104 4411 1195 4467 Form.
1209 4409 1307 4462 Taren.

192 4485 234 4549 24,
253 4485 344 4538 Ferm.
357 4501 389 4550 p.
403 4484 456 4538 148
468 4499 520 4550 eq.,·
538 4483 571 4538 L.
590 4483 666 4536 Rene.
681 4483 744 4536 Cur.
764 4481 819 4547 III,
841 4484 882 4546 19,
901 4482 927 4546 4,
948 4481 1004 4534 LL.
1022 4482 1052 4547 V,
1070 4499 1097 4548 p.
1110 4483 1171 4534 340.
