3198 5202
337 537 414 592 LEX
432 536 548 593 VISIG.
567 537 835 594 REOOESSVIND.
872 538 972 608 Vm,
990 543 1016 608 2,
1035 541 1060 596 ὅ.
1073 544 1098 596 6.
1227 544 1278 596 271

161 721 304 806 aceepit,
328 721 365 783 in
387 720 617 804 novecuplum
636 721 754 785 comiti
774 721 925 785 civitatis
948 725 1092 805 cogatur
1113 722 1278 798 exolvere,
1297 707 1301 716 ’

162 814 197 874 et
220 829 287 885 cos,
319 829 403 892 quos
427 810 609 892 rogaverit,
641 809 724 872 dum
748 812 838 874 esset
861 829 973 886 sanus,
1001 814 1043 873 ut
1066 830 1145 874 eum
1167 811 1204 872 in
1228 832 1280 875 ex-

161 899 372 982 peditionem
394 918 464 960 non
481 898 725 981 conpellerent,
751 898 856 962 etiam
879 899 909 960 si
931 897 1065 962 nullam
1087 901 1280 963 mercedem

162 987 204 1050 ab
229 1006 269 1051 eo
293 987 498 1070 acceperint,
522 985 585 1063 illi,
610 987 670 1069 qui
693 1005 772 1052 eum
789 986 1029 1064 relaxaverint,
1053 987 1202 1051 reddant
1217 1008 1280 1071 pro

161 1095 201 1140 eo
226 1075 344 1138 comiti
368 1075 517 1138 civitatis
541 1074 668 1139 solidos
683 1086 721 1141 V.
756 1075 950 1138 'Phiufadus
971 1095 1050 1140 vero
1073 1079 1197 1158 querat
1220 1095 1281 1160 per

162 1164 376 1228 centenarios
399 1183 487 1241 suos,
515 1166 551 1227 et
574 1164 765 1227 centenarii
787 1184 848 1248 per
872 1165 1027 1241 decanos,
1052 1165 1140 1228 etsi
1163 1167 1280 1248 potue·

161 1253 231 1314 rint
255 1271 468 1336 cognoscere,
499 1252 581 1335 quia
610 1273 672 1335 per
701 1271 837 1336 precem
865 1255 926 1316 aut
949 1272 1010 1336 per
1032 1253 1280 1317 redemtionem

162 1342 206 1404 ad
231 1342 370 1405 domum
393 1360 491 1404 suam
512 1340 706 1424 refugerint
729 1343 790 1404 aut
814 1341 974 1404 dedomo
997 1341 1034 1403 in
1049 1341 1185 1406 hostem
1207 1362 1282 1425 pro-

162 1430 268 1493 ficisci
286 1428 471 1506 noluerint,
495 1431 580 1492 tunc
596 1429 778 1492 thiufadus
794 1430 968 1513 preposito
985 1425 1140 1494 comitis‘l
1159 1433 1281 1494 notum

161 1518 270 1581 faeiat
293 1522 328 1582 et
351 1517 480 1581 scribat
503 1518 621 1580 comiti
645 1518 804 1594 civitatis,
835 1518 873 1579 in
903 1518 999 1581 cuius
1028 1522 1080 1583 est
1106 1519 1281 1582 territorio

163 1607 382 1684 constitutus,
411 1609 452 1668 ut
480 1625 593 1670 comes
617 1605 767 1670 civitatis
790 1606 1012 1683 vindictam,
1044 1627 1110 1689 que
1140 1607 1178 1669 in
1205 1607 1281 1690 lege

163 1695 276 1779 posita
304 1697 366 1771 est,
399 1695 441 1758 de
471 1694 536 1770 his,
568 1695 627 1778 qui
657 1714 718 1778 pro
749 1714 784 1758 se
813 1698 940 1778 rogant
967 1698 1029 1758 aut
1055 1696 1115 1777 qui
1138 1716 1173 1759 se
1196 1695 1281 1760 redi·

163 1787 272 1860 munt,
298 1786 359 1846 aut
381 1783 552 1846 thinfadis
566 1782 622 1846 vel
639 1783 844 1847 centenariis
868 1787 929 1846 aut
953 1784 1090 1848 decanis
1105 1784 1161 1848 vel
1177 1785 1282 1848 servis

163 1871 342 1936 dominicis
359 1864 495 1936 omniaf
513 1873 558 1935 ad
573 1871 747 1954 integrum
762 1871 894 1955 inplere
910 1892 980 1935 non
996 1872 1145 1936 differat.
1182 1871 1282 1950 Quod

164 1961 218 2024 sig
245 1961 397 2044 exegerit
420 1963 456 2024 et
479 1959 642 2024 celaverit
670 1963 705 2024 et
732 1960 769 2022 in
796 1961 956 2024 notitiam
986 1982 1057 2024 non
1087 1961 1280 2044 protulerit,

164 2049 288 2126 omnia,
313 2068 379 2132 que
396 2049 518 2132 exegit,
539 2049 576 2111 in
591 2048 821 2132 novecuplum
837 2049 975 2125 reddat;
1002 2052 1037 2113 et
1056 2049 1085 2112 si
1101 2052 1282 2133 corruptus

164 2138 206 2201 ab
231 2137 346 2220 aliquo
369 2137 425 2201 vel
448 2130 606 2220 rogitush
626 2130 779 2220 exigere¹
802 2137 986 2215 distulerit,
1011 2138 1048 2200 in
1071 2137 1216 2221 duplum
1240 2139 1282 2201 de

164 2226 303 2310 propria
325 2225 494 2290 facultate
519 2226 710 2289 satisfaciat
732 2224 812 2302 illis,
837 2227 897 2308 qui
918 2227 1011 2291 inter
1031 2246 1067 2290 se
1082 2227 1172 2289 hane
1196 2227 1283 2290 solu·

164 2315 295 2378 tionem
313 2314 454 2379 fucrant
470 2314 622 2378 divisuri.
659 2313 759 2392 Quod
782 2315 811 2378 si
834 2317 913 2398 post
937 2317 1090 2378 exactam
1115 2335 1187 2378 rem
1209 2315 1284 2397 regi

164 2407 287 2466 notum
305 2424 375 2466 non
390 2403 523 2479 fecerit,
548 2406 589 2465 ut
612 2404 684 2486 ipse
707 2404 773 2466 hoc
796 2403 916 2468 iubeat
938 2403 975 2466 in
998 2403 1124 2480 thiuia,
1149 2404 1206 2466 cui
1230 2405 1283 2467 de·

165 2492 322 2568 bebatur,
354 2491 516 2568 dividere,
550 2493 611 2554 aut
641 2511 753 2555 comes
784 2491 935 2555 civitatis
963 2491 1106 2555 reddere
1137 2492 1283 2556 fortasse

165 2580 367 2657 dissimulet,
397 2579 584 2663 undecupli
614 2580 895 2664 compositionem
920 2579 968 2644 eis
992 2580 1190 2643 satisfacere
1213 2600 1283 2642 non

165 2673 326 2732 moretur.

576 2786 627 2842 vr.
657 2784 870 2854 nrrrouna.

165 2899 224 2962 De
252 2899 336 2976 his,
368 2900 440 2981 qui
468 2919 662 2962 annonas
691 2899 1025 2962 distribuendas
1054 2898 1283 2980 accipiunt

421 2988 489 3052 vel
520 2988 729 3051 fraudare
760 2989 1024 3071 presumunt.

271 3110 371 3174 Hoc1
404 3112 535 3174 iustum
569 3111 748 3194 elegimus,
782 3114 823 3174 ut
852 3131 913 3195 per
942 3111 1095 3194 singulas
1126 3111 1283 3175 civitates

165 3199 218 3263 vel
243 3199 387 3264 castella
409 3200 614 3282 quicumque
642 3202 800 3283 erogator
823 3219 958 3264 annone
985 3200 1092 3264 fuerit
1120 3199 1284 3262 constitu·

165 3291 235 3364 tus,
268 3307 380 3352 comes
411 3288 561 3352 civitatis
591 3288 646 3352 vel
677 3308 811 3352 annone
842 3289 1066 3372 dispensator,
1101 3309 1282 3364 annonam,

96 3447 100 3454 ¹
166 3397 268 3458 quam
283 3377 332 3440 eis
349 3379 401 3441 est
417 3377 571 3454 daturus,
592 3396 634 3441 ex
648 3377 784 3460 integro
801 3376 837 3439 in
853 3369 1049 3442 civitatemb
1070 3377 1124 3440 vel
1141 3377 1283 3440 castello

165 3465 285 3529 iubeat
303 3465 432 3529 exiberi
455 3468 490 3529 et
513 3466 558 3528 ad
581 3466 755 3548 integrum
772 3466 820 3529 eis
835 3466 1019 3531 restituere
1034 3485 1104 3528 non
1120 3468 1282 3528 moretur.

167 3551 266 3630 Quod
290 3553 319 3616 si
342 3554 537 3637 contigerit,
566 3556 606 3616 ut
635 3554 709 3637 ipse
737 3574 849 3618 comes
878 3554 1028 3618 civitatis
1052 3557 1113 3617 aut
1136 3574 1283 3616 annona·

166 3642 236 3705 rius
266 3662 327 3725 per
357 3642 610 3724 neclegentiam
640 3662 750 3719 suam,
785 3663 855 3706 non
885 3643 1016 3706 habens
1047 3645 1107 3704 aut
1137 3642 1284 3706 forsitan
1330 3667 1339 3684 ·

166 3729 295 3807 nolens,
320 3751 473 3794 annonas
498 3751 616 3795 eorum
640 3731 722 3794 dare
746 3731 948 3807 dissimulet,
973 3731 1092 3795 comiti
1115 3731 1283 3795 exereitus

167 3819 220 3880 sui
242 3820 431 3900 querellam
454 3819 663 3902 deponantl,
695 3819 787 3901 quod
817 3839 970 3883 annonas
1001 3839 1118 3883 eorum
1149 3821 1196 3885 eis
1221 3820 1284 3882 dis·

167 3906 365 3989 pensatores
394 3909 531 3971 tradere
561 3907 747 3971 noluerint.
793 3903 864 3970 Etd
890 3911 975 3971 tune
1003 3907 1063 3972 ille
1090 3908 1284 3992 prepositus

167 3995 275 4058 hostis
303 3996 478 4060 hominem
506 4017 605 4060 suum
634 3997 679 4059 ad
701 4017 763 4060 nos
787 3997 925 4060 mittere
948 4017 1018 4059 non
1041 4000 1203 4073 moretur,
1234 3997 1285 4060 ita

273 4218 296 4270 d)
309 4221 342 4258 ita
356 4221 403 4262 121.
413 4221 494 4263 ael.
549 4218 706 4268 edictam.
760 4221 891 4268 nomnium
904 4222 951 4263 Bl.
1005 4222 1157 4270 maecum.
1212 4221 1285 4269 1))το-

167 4277 230 4321 gatus
245 4274 293 4316 Ra.
347 4273 364 4321 l)
378 4274 499 4316 exlrsRl.

273 4327 312 4368 VI.
345 4328 368 4375 a)
382 4328 438 4366 deest
452 4327 500 4370 ΒΞ.
541 4327 564 4377 b)
579 4327 729 4368 civitatem,
769 4324 1120 4378 c)u0131;dcp0nsnunt132.
1161 4325 1286 4376 dmum.

169 4504 194 4570 1)
212 4505 254 4569 Of.
274 4504 367 4572 Deba,
388 4503 510 4570 ‘Kdar'ye’
527 4505 569 4556 VI
574 4503 592 4571 ²,
610 4522 638 4572 p.
657 4506 710 4559 210
722 4520 760 4570 eq.
