3264 5206
325 520 377 574 162
525 513 603 570 LEX
621 511 737 574 VISIG.
756 510 1026 570 unccussvmu
1063 513 1099 580 V,
1117 515 1144 580 li,
1163 516 1242 572 5—7.

741 690 777 747 V.
808 689 1025 759 ANTIQUAa.

324 805 384 870 De
410 803 540 869 rebus
569 803 873 868 conmendatis
901 805 944 867 et
974 821 1077 867 casu
1106 822 1376 889 quocumque
1404 807 1452 869 in

650 889 932 974 naufragium
960 891 1116 958 missis.

431 997 500 1078 Qui
522 998 753 1063 conmendste
776 990 989 1082 susceperitb
1009 997 1064 1062 vel
1081 992 1319 1064 commodateb
1344 1003 1380 1064 et
1404 1001 1450 1065 de

323 1088 426 1152 ruins
448 1089 509 1152 aut
531 1085 692 1150 incendio
713 1085 770 1150 vel
793 1084 998 1150 hostilitatis
1020 1086 1263 1170 naufragium
1284 1108 1345 1152 seu
1368 1109 1449 1171 quo·

324 1177 411 1242 libet
445 1175 550 1240 simili
584 1193 666 1238 casu
698 1193 761 1238 sue
790 1174 906 1238 omnis
935 1174 1135 1240 liberaverit
1165 1179 1202 1240 et
1231 1175 1346 1241 aliena
1374 1197 1448 1262 per·

324 1265 465 1342 diderit,
502 1263 594 1347 quod
626 1263 759 1346 accepit
790 1263 863 1327 sine
894 1261 1011 1345 aliqua
1045 1265 1267 1329 excusatione
1303 1270 1449 1349 cogatur

324 1352 507 1419 exsolvere.
554 1350 592 1416 Si
620 1371 701 1416 vero
731 1355 866 1435 purtem
900 1351 1052 1433 aliquem
1086 1353 1129 1416 dc
1162 1352 1266 1417 rebus
1300 1355 1447 1439 propriis

324 1442 486 1507 liberasse
522 1441 750 1524 cognoscitur,
789 1439 858 1518 illi,
895 1441 992 1504 cuius
1026 1459 1080 1506 res
1114 1460 1231 1504 secum
1265 1442 1444 1522 habuerat,

323 1531 421 1594 iuxta
450 1530 591 1595 modum
620 1529 754 1614 perdite
780 1529 832 1592 rei
854 1527 910 1593 vel
934 1527 1079 1594 liberate
1101 1529 1275 1608 restituat,
1306 1531 1447 1613 qualem

323 1620 427 1684 iudex
460 1619 632 1684 rationem
665 1616 816 1682 deductu
851 1616 1063 1682 estimaverit
1097 1618 1300 1701 portionem.
1355 1616 1443 1684 Sin‘l

324 1711 441 1773 eutem
471 1727 533 1772 sue
562 1707 678 1771 omnis
707 1705 906 1789 perdiderit,
938 1709 1035 1769 cum⁰
1064 1706 1228 1771 liberaret
1257 1707 1380 1786 aliena,
1410 1713 1446 1773 et

324 1796 367 1861 de
382 1795 538 1860 liberetis
562 1798 598 1860 et
622 1794 824 1878 deperditis
846 1794 950 1858 rebus
974 1788 1117 1858 similisf
1135 1796 1226 1859 ratio
1243 1797 1445 1873 deducatur,

323 1888 364 1947 ut
403 1887 538 1968 partem
578 1882 721 1946 arbitrio
760 1882 946 1947 iudicantis
986 1883 1045 1966 qui
1084 1882 1248 1948 liberabit
1287 1885 1445 1970 accipiat.

323 1972 462 2036 Iustum
490 1975 543 2036 cst
573 1971 665 2036 enim
694 1971 731 2034 in
760 1970 865 2035 simili
896 1991 986 2048 cusu,
1017 1974 1058 2035 ut
1088 1971 1148 2035 ille
1179 1993 1250 2037 non
1281 1973 1446 2038 damnum

323 2060 416 2125 solus
449 2059 611 2144 excipiat,
648 2060 707 2141 qui
737 2079 773 2124 se
802 2059 964 2143 gravibus
994 2059 1169 2124 obiceritss
1201 2061 1378 2145 periculis,
1410 2067 1446 2127 et

324 2150 407 2212 dum
430 2147 544 2213 eliens
566 2148 700 2212 minora
722 2151 869 2213 conatur
890 2147 1047 2226 liberare,
1072 2169 1135 2213 sue
1158 2151 1288 2214 maiore
1306 2170 1445 2234 cognos-

325 2230 440 2301 citurll
465 2229 702 2322 perdedisseh.

732 2405 784 2464 VI.
814 2405 1030 2476 ANTIQUAa.

324 2519 382 2584 De
402 2519 529 2584 rebus
550 2539 672 2584 seruc
692 2520 921 2585 nesciente
937 2520 1109 2584 dominc
1130 2522 1443 2586 conmendatis.

432 2624 532 2704 Quod
553 2626 730 2690 nesciente
754 2626 893 2690 domino
916 2645 1013 2690 servo
1035 2626 1142 2691 fuerit
1165 2629 1442 2704 conmendstum,

324 2715 354 2779 si
376 2715 412 2779 id
435 2714 585 2798 perierit,
616 2733 680 2779 uec
710 2714 869 2778 dominus
898 2735 962 2779 nec
993 2734 1110 2779 servus
1137 2714 1250 2779 ullum
1279 2717 1444 2780 damnum

324 2805 513 2868 incurrant.
560 2802 628 2867 Sue
644 2803 737 2867 enim
752 2803 901 2887 imputet
917 2803 1027 2888 culpe,
1052 2803 1112 2886 qui
1135 2824 1232 2869 servo
1256 2805 1369 2870 alieno
1389 2825 1443 2870 res

324 2912 403 2956 suas
427 2892 708 2956 conmendaverit
735 2891 873 2956 dominc
899 2891 1085 2957 nesciente.
1133 2892 1170 2957 Si
1192 2913 1273 2958 vero
1297 2893 1443 2959 alicuius

324 2981 374 3045 rei
397 2980 526 3045 enimsi
549 2981 604 3056 sit,
629 2983 665 3044 et
687 2999 748 3064 per
762 2980 921 3045 fraudem
945 2983 1123 3064 pastorum
1139 2982 1350 3046 diminutum
1372 3002 1444 3067 rep·

323 3069 488 3154 periatur,
513 3070 578 3133 hec
592 3068 737 3133 reddere
754 3068 980 3153 conpelletur.
1028 3068 1156 3134 Similis
1181 3074 1217 3134 et
1240 3071 1282 3135 de
1300 3091 1444 3136 commc-

325 3159 415 3222 dutis
448 3157 561 3222 forms
593 3160 756 3234 servetur,
794 3157 824 3221 si
853 3157 977 3222 fraude
1008 3161 1069 3221 aut
1098 3157 1234 3223 malitie
1264 3164 1445 3225 consumta

325 3249 386 3310 aut
409 3247 575 3331 dissipate
597 3248 799 3310 noscuntur.

723 3415 790 3472 vn.
820 3411 1034 3486 immune.

325 3529 368 3594 si
396 3548 547 3593 servus
575 3529 817 3593 mentiatur
845 3529 1063 3680 dogninum
1090 3533 1240 3614 petere
1268 3551 1443 3594 commo-

807 3619 889 3681 dun
928 3639 958 3680 a.

431 3723 468 3786 Si
503 3724 661 3787 dominus
700 3744 761 3807 per
794 3743 929 3788 servum
968 3744 1068 3788 suum
1103 3725 1343 3808 quodcumque
1378 3725 1444 3790 sibi

269 3809 275 3818 '
323 3813 464 3897 petierit
480 3813 775 3890 commedendum,
801 3816 837 3876 et
860 3832 977 3878 servus
1002 3833 1079 3876 cum
1099 3813 1202 3877 rebus
1218 3815 1444 3878 commodetis

323 3902 360 3964 in
383 3901 469 3984 fuga
491 3900 599 3967 fuerit
623 3901 768 3986 elapsus,
792 3905 878 3964 tunc
902 3902 1060 3965 dominus
1084 3901 1268 3985 obligetur,
1292 3906 1333 3965 ut
1357 3923 1444 3967 com·

324 3983 489 4054 mndatab
526 3990 700 4055 restituat.
759 3989 795 4053 Si
828 4009 909 4054 vero
944 4010 1062 4054 servus
1100 3992 1226 4075 petisse
1265 3991 1444 4055 dominum

324 4079 513 4143 mentietur
543 4083 579 4144 et
608 4080 657 4144 sic
687 4079 785 4161 qussi
814 4079 1028 4162 deportanda
1056 4079 1100 4142 nd
1129 4079 1304 4144 dominum
1334 4098 1444 4144 susce·

430 4288 456 4331 V.
497 4287 652 4336 effecum.
715 4286 964 4334 b)v.c.s.R2.E1.
1028 4287 1049 4334 c)
1062 4286 1243 4335 naufragium.
1258 4285 1306 4329 El.
1373 4283 1445 4334 (lma

323 4340 372 4384 122.
386 4341 413 4384 A.
427 4341 479 4392 1:13
502 4342 522 4381 sl
535 4343 582 4384 Rl.
650 4342 671 4388 e)
686 4340 719 4377 icc
733 4339 782 4382 Μ.
796 4339 828 4388 A,·
849 4337 901 4379 dum
916 4341 963 4383 Bl.
1029 4339 1130 4388 oslmili
1143 4340 1190 4382 131.
1260 4342 1283 4390 g)
1296 4339 1380 4380 obiecit
1394 4340 1444 4382 ΒΞ.

323 4394 382 4444 hm
397 4404 415 4438 θ’
429 4394 478 4490 31²
509 4450 531 4496 s)
545 4448 601 4486 dmi
615 4446 664 4489 ΒΞ,
1250 4409 1253 4414 ¹

429 4501 480 4545 VII.
521 4503 543 4549 s)
556 4501 613 4540 decet
626 4500 675 4542 132.
729 4499 752 4547 b)
766 4496 882 4538 commoda
896 4499 942 4542 Bl.
