3198 5202
330 521 384 574 256
519 517 596 572 unx
615 517 730 576 visre.
749 516 1018 575 asccnssvruo.
1055 517 1138 588 vm,
1157 520 1273 584 5‚1-3.

331 703 503 784 procuret.
557 699 657 779 Quod
687 701 716 764 si
745 701 897 765 noluerit
931 721 1051 785 porcos
1081 700 1176 764 illius
1207 701 1245 764 in
1274 699 1362 764 silva
1391 721 1455 766 sua

331 788 563 854 intromittere
594 790 824 866 decimandos,
856 793 891 853 et
921 789 981 854 ille
1012 809 1069 854 eos
1099 789 1169 852 alia
1195 790 1269 853 vice
1298 789 1336 852 in
1366 790 1454 854 silva

332 898 394 941 sua
423 879 603 955 invenerit,
635 879 740 942 etiam
763 879 793 942 si
816 878 930 961 porci⁶
958 879 1060 962 pauci
1088 877 1230 955 fuerint,
1261 898 1370 941 unum
1401 899 1453 943 ex-

331 967 412 1030 inde
451 967 511 1049 qui
545 966 666 1030 silvam
701 987 798 1030 suam
833 960 1017 1032 devenditr
1054 967 1201 1030 occidat.
1263 965 1301 1029 Si
1335 969 1451 1032 autem

331 1054 753 1138 plures1p0reifuerint,
781 1057 868 1118 duos
896 1055 1002 1120 tollat
1028 1058 1064 1120 et
1092 1058 1266 1139 presumat
1296 1056 1453 1120 occidere

332 1146 367 1208 et
382 1143 515 1206 nullam
532 1144 740 1208 calumniam
756 1144 993 1227 pertimescat;
1018 1147 1054 1208 et
1077 1143 1328 1207 nihilhominus
1346 1144 1453 1208 tertia

331 1232 405 1296 vice
422 1253 510 1308 eum,
528 1233 625 1296 cuius
641 1252 762 1316 porcos
778 1233 921 1308 invenit,
946 1233 1139 1308 admoneat,
1165 1234 1205 1294 ut
1228 1252 1348 1315 porcos
1373 1253 1452 1296 suos

331 1321 368 1382 in
386 1321 508 1384 silvam
525 1321 607 1397 eius,
632 1321 661 1384 si
683 1320 842 1396 voluerit,
866 1321 1075 1398 introducat,
1101 1324 1136 1386 et
1160 1317 1331 1385 decimum
1354 1321 1453 1384 iuxta

332 1409 616 1474 consuetudinem
650 1409 771 1473 solvat.
826 1408 926 1488 Quod
956 1410 985 1472 si
1015 1430 1078 1474 nec
1112 1413 1196 1473 tunc
1225 1408 1376 1472 voluerit
1410 1410 1451 1473 de

331 1498 480 1561 dandisss
507 1498 647 1562 decimis
671 1498 823 1574 definire,
852 1501 888 1562 et
915 1498 975 1562 ille
999 1518 1057 1563 eos
1079 1498 1185 1562 tertia
1206 1498 1281 1561 vice
1304 1499 1342 1560 in
1365 1498 1452 1561 silva

332 1607 394 1649 sua
409 1587 468 1669 qui
485 1585 666 1650 interdixit
688 1586 867 1662 invenerit,
893 1587 1063 1651 decimum
1080 1607 1121 1650 ex
1136 1586 1295 1649 omnibus
1311 1607 1373 1669 pro
1390 1607 1451 1649 suo

331 1675 405 1740 iure
429 1678 613 1759 presumat.
661 1674 799 1740 sivero
823 1675 947 1758 aliquis
970 1676 1033 1739 sub
1058 1674 1217 1758 pactione
1241 1675 1449 1738 decimarum

331 1784 452 1847 porcos
486 1763 522 1825 in
551 1763 638 1827 silva
667 1763 872 1827 intromittit
900 1764 1022 1841 aliena,
1054 1766 1090 1828 et
1113 1783 1220 1846 usque
1244 1763 1288 1826 ad
1310 1763 1450 1827 brumas

332 1853 427 1936 porci
442 1853 479 1915 in
495 1852 582 1915 silva
597 1851 739 1917 alterius
756 1853 922 1936 paverint,
948 1845 1121 1917 decimas¹¹
1141 1853 1214 1916 sine
1230 1851 1304 1914 ulla
1319 1855 1450 1916 contra·

332 1934 499 2005 dictione¹
520 1941 702 2024 persolvat.
748 1941 861 2004 Nam²
884 1941 914 2004 si
936 1944 1014 2025 post
1038 1941 1157 2005 brume
1177 1944 1314 2024 tempus
1330 1960 1450 2023 porcos

331 2049 409 2092 suos
431 2029 469 2092 in
484 2029 579 2106 silva,
604 2050 705 2112 quam
723 2030 943 2105 conduxerat,
968 2029 1119 2093 noluerit
1134 2029 1294 2106 retinere,
1310 2029 1449 2093 vicensi·

331 2139 425 2180 mum
450 2120 564 2201 caput,
593 2118 684 2182 sicut
707 2121 760 2183 est
783 2119 1005 2194 consuetudo,
1034 2118 1173 2184 domino
1197 2118 1281 2182 silve
1306 2120 1449 2201 cogatur

331 2206 497 2270 exolvere.

293 2303 296 2312 ·
747 2305 786 2362 11.
817 2305 1030 2375 surrousa.

330 2417 390 2482 De
415 2419 563 2501 porcis
586 2419 704 2483 inter
727 2422 954 2483 consortes
978 2420 1029 2482 ad
1052 2419 1254 2503 glandem
1277 2419 1319 2480 in
1346 2439 1448 2481 conr-

596 2500 740 2569 munib
768 2507 921 2572 fructu
951 2508 1180 2591 susceptis.

437 2613 474 2676 si
502 2613 595 2678 inter
624 2617 798 2677 consortes
829 2614 872 2677 de
901 2613 1086 2697 glandibus
1120 2614 1228 2677 fuerit
1262 2616 1338 2676 orta
1373 2634 1448 2677 con-

329 2702 440 2766 tentio
470 2722 533 2786 pro
563 2723 613 2778 eo,
645 2703 737 2784 quod
766 2723 856 2765 unus
886 2702 949 2765 abc
979 2703 1067 2766 alio⁰
1095 2702 1212 2785 plures
1241 2722 1363 2786 porcos
1392 2702 1447 2764 ha-

330 2791 419 2865 beat,
450 2794 535 2854 tunc
559 2791 619 2874 qui
641 2791 754 2853 minus
777 2791 940 2855 habuerit
962 2790 1067 2855 liceat
1090 2791 1122 2854 ei
1145 2791 1333 2855 secundum
1357 2790 1448 2872 quod

328 2882 458 2944 terram
475 2879 599 2943 dividit
622 2899 743 2962 porcos
767 2880 811 2942 ad
834 2879 996 2963 glandem
1018 2880 1054 2942 in
1078 2879 1239 2962 porcione
1263 2899 1325 2942 sua
1348 2879 1448 2942 susci-

329 2989 419 3050 pere,
445 2968 630 3031 dummodo
650 2967 804 3050 equalis³
826 2988 988 3031 numerus
1012 2968 1055 3031 ab
1072 2971 1217 3051 utraque
1233 2970 1331 3052 parte
1348 2988 1448 3051 pona·

327 3059 395 3133 tur,
421 3060 456 3120 ct
480 3056 700 3140 postmodum
723 3057 872 3121 decimas
896 3057 1061 3134 dividant,
1093 3056 1183 3120 sicut
1211 3060 1246 3120 et
1268 3059 1379 3120 terras
1403 3056 1448 3118 di-

327 3145 491 3209 viserunt.

737 3244 791 3300 111.
822 3244 1035 3314 ANTIQUAa.

331 3356 374 3420 Si
408 3358 530 3441 porci
564 3357 615 3419 ad
650 3350 799 3440 pastob
838 3357 881 3420 in
917 3357 1077 3441 glande
1114 3356 1312 3440 suscepti
1347 3359 1447 3420 ante

516 3447 642 3512 datas
674 3446 862 3510 decimas
892 3446 1014 3509 furto
1044 3445 1261 3520 leventur,

437 3551 474 3615 si
496 3553 572 3635 quis
596 3553 640 3615 ad
664 3552 825 3635 glandem
848 3551 912 3616 sub
936 3551 1065 3635 placito
1094 3550 1304 3615 decimarum
1327 3571 1447 3634 porcos

329 3641 366 3703 in
401 3641 487 3704 silva
520 3641 734 3704 intromittat
768 3640 882 3704 aliena
911 3643 948 3704 et
977 3661 1034 3704 eos
1064 3639 1212 3716 occulte,
1248 3639 1446 3722 priusquam

436 3831 457 3878 e)
470 3830 530 3878 porti
545 3831 591 3872 131.
648 3831 802 3877 Oltam.
860 3832 882 3879 g)
897 3827 984 3870 damnis
998 3831 1045 3872 131.
1099 3829 1124 3881 h)
1138 3826 1248 3869 decimum
1262 3828 1311 3871 Rs.
1366 3829 1447 3876 Deon-

329 3883 440 3922 trsctione
455 3884 505 3933 R1;
520 3881 722 3924 contradictionem
736 3885 756 3922 R
765 3885 784 3926 t.

436 3936 466 3977 11.
506 3938 528 3983 a)
542 3936 660 3979 mas.
714 3938 737 3985 b)
750 3937 839 3976 comuni
853 3937 899 3979 121.
954 3937 1017 3985 aab
1032 3937 1193 3978 elisaeam.

436 3989 478 4031 ΙΠ.
518 3991 540 4037 a)
553 3991 610 4029 deest
623 3990 672 4033 ΒΞ.
725 3991 748 4038 b)
761 3995 851 4039 pastum
864 3991 913 4032 Bt.

330 4130 357 4197 1)
367 4130 551 4197 Supplcndum
562 4137 599 4182 eet
611 4132 696 4195 forte:
710 4134 799 4198 ‘quam
811 4131 936 4197 viginti&
954 4132 989 4195 cf.
1002 4131 1055 4184 Ed.
1067 4130 1148 4184 aoth.
1161 4131 1222 4185 349.
1253 4129 1358 4194 Vacci
1369 4130 1446 4196 quive

327 4203 469 4338 ΞἬῖ
483 4217 536 4326 ’ἕξ
551 4201 1446 4340 {agapaeen2p.pz.hg1g0c4ngs33mmo

329 4343 437 4409 ‘Westga
450 4311 538 4399 alred}
552 4311 585 4411 pl
595 4310 657 4398 ldtl
698 4313 704 4327 '
722 4343 750 4410 3)
766 4344 806 4398 Sc.
822 4359 875 4412 pro
890 4346 1013 4410 ponem
1030 4349 1125 4397 mac.
1156 4343 1251 4398 Minus
1267 4312 1335 4394 recte
1351 4342 1384 4394 da
1401 4308 1447 4392 hol

324 4415 528 4553 Ilpepbgtnoripi
541 4415 646 4466 videtur
657 4414 741 4480 claro,
760 4415 852 4480 Data,
868 4415 991 4480 ‘Koniye'
1008 4412 1072 4491 ΙΨ,
1089 4431 1118 4482 p.
1131 4415 1175 4479 59,
1194 4420 1219 4465 et
1238 4413 1347 4478 ‘We-stc.
1360 4412 1446 4466 &adl
