3264 5206
353 529 431 583 LEX
450 529 854 588 Ἧ8Ι6.Ι1ΕοοΕ8817ΙΝ1).
891 531 958 600 VH,
979 536 1003 601 1,
1021 535 1047 587 4.
1066 534 1096 599 ὃς
1115 535 1141 587 2.
1255 533 1308 587 205

187 717 355 796 quantum
378 733 432 777 res
456 714 614 791 valuerit,
647 735 712 796 que
740 710 857 778 furcod
885 715 1003 778 ablata
1031 718 1099 791 est;
1132 715 1160 778 si
1189 718 1308 778 tamen

187 802 326 865 domino
349 802 401 866 rei
425 804 614 887 conpositio
630 803 737 867 fuerit
753 804 919 868 exsoluta.
967 804 1003 867 si
1024 807 1140 867 autem
1160 804 1241 867 talis
1262 803 1308 866 sit

187 890 334 955 fortasse
358 892 523 968 condicio,
547 896 588 955 ut
611 912 749 956 necesse
773 893 818 956 sit
840 892 950 969 illum,
976 893 1035 974 qui
1057 893 1115 954 fur
1131 893 1305 975 probatur,

188 980 308 1055 occidi,
338 982 373 1043 et
400 980 490 1043 nihil
519 981 562 1044 de
586 981 658 1044 eius
681 981 909 1044 facultatibus
932 981 1138 1056 inveniatur,
1170 985 1250 1044 aut⁰
1279 981 1309 1044 si

188 1087 304 1132 serv-us
327 1068 443 1146 fuerit,
470 1072 505 1133 et
529 1070 687 1134 dominus
711 1070 800 1134 servi
822 1069 1053 1134 substantiam
1069 1070 1141 1134 eius
1162 1089 1222 1133 sue
1237 1069 1308 1132 vin-

188 1157 282 1220 dicet
311 1158 486 1240 potestati,
516 1161 552 1222 et
579 1159 616 1221 in
645 1159 915 1241 conpositionem
943 1159 1002 1240 qui
1030 1159 1227 1241 perdiderat
1253 1177 1308 1221 res

188 1265 267 1309 suas
290 1245 380 1308 nihil
402 1246 510 1310 fuerit
534 1251 748 1324 consecutus,
772 1250 857 1310 tunc
879 1248 1020 1311 tertiam
1044 1251 1177 1330 partem
1204 1247 1246 1310 de
1270 1266 1307 1309 re

187 1337 351 1417 repperta
377 1355 439 1417 pro
468 1328 680 1399 mercedemb
708 1336 829 1399 indicii
852 1339 1091 1418 consequatur,
1116 1338 1151 1399 et
1175 1335 1309 1399 delator

188 1422 279 1486 nihil
303 1423 450 1506 amplius
474 1425 544 1488 iam
566 1424 730 1507 requirat.

609 1595 645 1652 v.
675 1593 852 1664 surram
862 1605 888 1651 a.

191 1707 234 1770 si
260 1708 473 1771 innocens
500 1708 544 1770 in
572 1727 841 1791 quocumque
869 1707 1051 1771 crimine
1076 1711 1310 1771 accusetur

602 1789 677 1860 abb
704 1788 891 1860 indicel‘.

299 1900 535 1984 Quicumque1
559 1905 739 1967 accusatur
761 1903 799 1965 in
823 1902 974 1978 crimine,
999 1902 1035 1965 id
1059 1906 1111 1966 est
1134 1902 1308 1979 veneficio,

190 1990 368 2068 maleficio,
405 1992 500 2054 furto
536 1994 598 2055 aut
627 1991 899 2074 quibuscumque
929 1991 1031 2054 factis
1061 1991 1217 2068 inlicitis,
1255 1991 1310 2055 ad·

191 2083 328 2143 cusator
352 2081 424 2144 eius
449 2084 631 2144 concurrat
655 2081 699 2144 ad
715 2080 875 2144 comitem
900 2079 1050 2143 civitatis
1072 2080 1128 2144 vel
1151 2081 1309 2156 iudicem,

191 2169 228 2231 in
244 2169 342 2232 cuius
358 2171 410 2232 est
424 2169 598 2232 territorio
615 2169 834 2245 constitutus,
859 2171 900 2230 ut
922 2168 989 2253 ipsi
1012 2170 1202 2232 secundum
1217 2168 1311 2253 leges

192 2277 330 2321 causam
347 2258 571 2321 discutiant0.
618 2252 684 2319 aad
708 2279 786 2322 cum
810 2258 1014 2341 agnoverint
1037 2258 1167 2321 crimen
1190 2258 1311 2321 admis-

192 2366 276 2423 sum,
301 2367 397 2410 reum
422 2341 555 2410 comesd
582 2350 643 2411 aut
666 2347 770 2411 iudex
794 2346 1068 2429 conprehendat;
1101 2350 1136 2410 et
1166 2347 1195 2410 si
1223 2346 1311 2429 capi-

191 2434 278 2498 talia
292 2456 363 2498 non
380 2435 565 2512 admiserit,
589 2437 674 2499 tunc
700 2436 740 2511 ei,
766 2436 822 2498 cui
844 2455 923 2498 reus
947 2438 1009 2511 est,
1035 2439 1095 2498 aut
1119 2454 1311 2519 conponere

193 2523 417 2607 conpellatur,
447 2527 517 2601 aut,
543 2525 664 2588 sinon
689 2524 860 2602 habuerit,
884 2524 976 2588 unde
1001 2527 1182 2607 conponat,
1212 2524 1311 2587 servi-

190 2616 290 2675 turus
314 2613 345 2676 ei
367 2613 540 2690 tradatur;
570 2615 598 2677 si
621 2633 702 2677 vero
725 2614 889 2677 innocens
914 2613 1134 2696 adprobatur,
1160 2612 1202 2676 de
1226 2612 1311 2674 iudi·

192 2701 244 2764 cio
260 2721 398 2766 securus
415 2702 588 2766 abscedat.
624 2702 691 2786 Ille
707 2721 797 2779 vero,
822 2703 882 2784 qui
897 2701 1107 2778 accusabite,
1132 2704 1168 2765 et
1186 2720 1312 2783 penam

192 2793 227 2854 et
251 2791 415 2853 damnum
438 2792 612 2875 suscipiat,
637 2792 729 2874 quod
753 2791 874 2856 debuit
897 2784 1048 2874 percipif
1068 2792 1258 2866 accusatus,
1283 2789 1311 2852 si

192 2879 234 2942 de
266 2879 407 2943 crimine
436 2879 560 2944 fuisset
591 2880 777 2944 convictus.
825 2878 946 2944 (lomes
975 2882 1093 2942 tamen
1124 2882 1185 2942 aut
1207 2878 1311 2942 iudex

190 2966 328 3031 nullum
352 2968 523 3032 discutere
546 2968 639 3032 solus
662 2972 846 3052 presumat,
876 2987 919 3032 ne
944 2967 1083 3050 aliquod
1107 2967 1215 3050 possit
1239 2986 1311 3031 esse

192 3057 406 3135 conludium,
450 3061 490 3120 ut
527 3058 692 3122 innocens
730 3057 876 3122 fortasse
919 3059 1093 3120 tormenta
1131 3056 1310 3119 sustineat.

191 3145 292 3208 Prius
306 3149 424 3210 tamen
439 3166 526 3230 pene
542 3167 612 3210 non
629 3145 814 3222 subiaceat,
839 3166 942 3229 quam
966 3149 1027 3209 aut
1050 3145 1114 3208 sub
1137 3145 1312 3227 presentia

191 3235 345 3297 iudicum
379 3235 571 3299 manifestis
606 3235 867 3318 probationibus
903 3237 1077 3318 arguatur,
1114 3237 1175 3296 aut
1208 3235 1310 3309 certe,

192 3323 282 3386 sicut
305 3324 342 3386 in
366 3322 442 3386 aliis
465 3323 600 3407 legibus
624 3324 820 3388 continetur
830 3325 851 3400 2,
884 3344 963 3388 eum
991 3326 1169 3387 accusator
1196 3321 1311 3385 inscri-

191 3411 269 3489 bat;
301 3415 337 3475 et
367 3413 415 3475 sic
442 3413 480 3474 in
502 3413 678 3496 presentia
699 3412 853 3476 iudicum
877 3412 1033 3495 superius
1056 3412 1312 3474 nominatorum

192 3501 381 3582 questionis
405 3502 557 3584 agitetur
581 3521 734 3566 examen.

306 3766 356 3828 Π.
372 3766 586 3830 TITULUS:
623 3767 685 3829 DE
710 3765 912 3829 FURIBUS
935 3764 993 3827 ΕΤ
1017 3764 1193 3828 FURTIS.

341 3908 370 3969 I.
407 3908 455 3971 Ut
478 3912 636 3991 exponat,
661 3908 745 3992 quid
768 3909 890 3990 querit,
916 3907 1071 3989 quirem
1089 3905 1256 3970 furtivam
1276 3925 1311 3970 se

406 4016 548 4079 querere
572 3997 667 4060 dicit.

299 4184 323 4235 d)
337 4187 399 4226 furtu
413 4187 461 4228 122.
516 4188 637 4235 e)utR1.

300 4240 326 4282 V.
367 4242 389 4288 a)
404 4240 522 4282 acarna.
583 4241 606 4287 b)
620 4241 648 4280 ab
663 4238 738 4280 indice
756 4241 799 4281 dee.
813 4240 860 4282 ΕΙ.
921 4241 941 4287 c)
955 4237 1089 4278 discuttlant
1103 4239 1149 4279 ΕΙ.
1204 4235 1227 4284 (1)
1241 4236 1271 4276 Et
1285 4257 1311 4265 -

195 4303 267 4332 comes
281 4294 325 4336 dec.
339 4294 385 4336 121.
439 4295 460 4341 e)
474 4293 591 4332 accusavit
603 4295 625 4332 R
634 4294 652 4336 2.
706 4294 724 4341 f)
738 4295 770 4332 ita
783 4294 830 4335 121.
843 4293 865 4331 Ε
873 4295 897 4343 1;
912 4293 1008 4341 perferri
1022 4293 1042 4330 R
1052 4291 1071 4333 2.

195 4434 221 4496 1)
238 4435 311 4487 Haec
330 4435 373 4487 lca
390 4451 423 4487 cx
438 4442 518 4502 parte
536 4437 566 4486 in
582 4435 677 4501 Legem
694 4436 790 4488 Baius.
810 4435 894 4502 9,18.
912 4441 1014 4502 recepta
1032 4440 1077 4487 cst.
1131 4431 1159 4499 2)
1171 4431 1212 4495 Cf.
1225 4447 1310 4498 supra

199 4506 244 4572 VI,
264 4508 289 4572 1,
309 4508 343 4568 2,·
360 4506 394 4561 L.
412 4507 488 4560 Rern.
506 4507 560 4561 Vis.
580 4507 607 4559 0.
624 4507 673 4560 lb.
692 4506 744 4573 IX,
765 4509 789 4572 1,
810 4509 835 4560 6.
854 4509 879 4561 8.
899 4508 980 4560 9.11.
