3198 5202
361 524 438 578 nnn
455 526 570 584 visre.
589 527 857 583 nnoonssvmn
894 527 962 596 ΧΠ,
981 531 1004 596 1,
1024 533 1048 584 2.
1216 531 1269 582 297

384 702 424 756 Π.
455 703 623 759 FLAVIUS
642 704 917 760 amnesamnes
939 705 1026 758 REX.

148 817 203 880 Ut
240 816 392 880 nullus
432 836 479 880 ex
518 818 598 894 his,
639 818 711 899 qui
746 818 1005 900 populorum
1040 819 1268 901 accipiunt

149 908 417 990 potestatem
446 909 487 968 et
516 926 672 982 curam,
705 926 996 988 quoscumque
1021 908 1067 970 de
1091 907 1267 990 populis

149 998 222 1058 aut
255 987 322 1056 inb
356 993 597 1057 sumtibus⁰
633 998 707 1057 aut
741 995 1068 1058 indictionibus
1103 997 1267 1077 inquie-

521 1086 616 1146 tare
643 1086 893 1166 pertemtet.

256 1187 393 1264 Omnes,
425 1209 510 1270 quos
539 1189 638 1271 regni
667 1191 777 1253 nostri
807 1190 977 1254 felicitate
999 1194 1147 1266 tuemur,
1179 1191 1268 1253 nihil

150 1277 237 1341 aliut
261 1297 378 1340 eorum
396 1277 634 1340 hutilitatibus
651 1279 878 1354 consulentes,
903 1280 1086 1342 momentis
1111 1279 1268 1342 omnibus

150 1367 348 1441 statuimus,
386 1366 466 1442 nisi,
505 1369 545 1428 ut
581 1361 706 1428 nulla(l
747 1367 1003 1450 dispendiorum
1040 1369 1269 1451 suspicionem

150 1455 337 1539 patiantur.
392 1453 484 1532 Quid
515 1460 567 1518 est
597 1456 689 1518 enim
718 1455 851 1518 iustitie
884 1461 958 1519 tam
992 1457 1184 1539 proximum
1213 1458 1270 1521 vel

150 1544 249 1606 nobis
272 1543 454 1620 familiare,
485 1564 589 1625 quam
616 1545 709 1626 piam
737 1544 896 1608 fidelibus
927 1566 1068 1607 manum
1096 1547 1269 1628 porrigere

151 1636 186 1696 et
208 1633 298 1695 iuste
322 1634 394 1708 hos,
420 1653 504 1714 quos
520 1633 679 1714 regimus,
704 1633 741 1694 in
758 1633 899 1696 diversis
915 1635 1063 1716 negotiis
1080 1634 1269 1698 adiubare?

151 1721 386 1786 Decernentes
420 1721 527 1802 igitur
557 1725 592 1784 et
622 1722 725 1784 huius
755 1720 842 1803 legis
876 1726 992 1785 nostre
1027 1724 1264 1787 seueritateme

152 1810 401 1873 constituentes
425 1811 593 1886 iubemus,
617 1813 658 1872 ut
681 1810 787 1872 nullis
806 1811 1063 1887 indictionibus,
1089 1813 1270 1874 exactioni-

151 1899 224 1973 bus,
249 1898 409 1981 operibus
430 1899 485 1962 vel
509 1899 659 1980 angariis
684 1919 805 1975 comes,
827 1900 974 1962 vicarius
990 1900 1045 1963 vel
1064 1900 1186 1963 vilicus
1210 1922 1269 1984 pro

153 1988 221 2051 suis
249 1987 487 2051 hutilitatibus
515 1988 660 2070 populos
689 1989 876 2071 adgravare
905 1992 1117 2072 presumant¹
1135 2009 1198 2052 nec
1228 1991 1271 2052 de

153 2077 293 2140 civitate
332 2076 388 2139 vel
428 2070 494 2140 deb
533 2077 707 2140 territorio
748 2097 920 2140 annonam
960 2078 1148 2160 accipiant;
1191 2079 1272 2159 quia

152 2169 271 2227 nostra
298 2165 499 2228 recordatur
522 2165 715 2241 clementia,
748 2167 848 2247 quod,
879 2167 962 2229 dum
985 2167 1114 2229 iudices
1139 2168 1271 2230 ordina-

153 2275 238 2328 mus,
264 2258 382 2317 nostra
404 2254 566 2335 largitate
584 2254 632 2316 eis
649 2255 841 2337 conpendia
857 2249 1124 2318 ministremusf.
1161 2255 1272 2318 Simili

153 2342 340 2406 autoritate
356 2343 514 2406 iubemus
529 2347 698 2406 rectorem
714 2344 887 2426 provincie
907 2344 977 2406 sive
994 2345 1154 2408 comitem
1170 2347 1272 2427 patri-

153 2431 260 2494 monii
284 2436 345 2502 aut
369 2435 500 2494 actores
524 2431 597 2495 fisci
621 2433 738 2508 nostri,
764 2436 830 2494 utg
855 2432 989 2494 nullam
1012 2433 1049 2494 in
1073 2426 1273 2515 privatish·1

153 2521 350 2583 hominibus
367 2520 519 2583 habeant
542 2524 750 2602 potestatem
773 2520 938 2602 nullaque
963 2541 1019 2584 eos
1043 2521 1202 2584 molestia
1225 2522 1272 2583 in-

154 2611 321 2690 quietent.
369 2608 436 2672 Sed
466 2609 495 2671 si
525 2610 677 2692 privatus
709 2631 787 2672 cum
817 2610 921 2672 servis
952 2610 1025 2671 fisci
1055 2610 1191 2672 nostrig
1217 2610 1273 2672 ha-

153 2697 268 2760 buerit
292 2690 560 2773 causationemi,
590 2702 686 2760 actor
713 2698 768 2762 vel
796 2691 1013 2781 procuratori
1045 2699 1272 2761 commonitus

152 2787 188 2848 in
219 2787 347 2849 iudicio
381 2787 524 2849 rectoris
560 2787 733 2869 provincie
763 2787 819 2850 vel
849 2787 971 2848 iudicis
1002 2787 1181 2861 territorii,
1213 2786 1273 2850 ubi

153 2895 256 2938 causa
285 2876 392 2938 fuerit
420 2875 626 2952 intromissa,
657 2897 757 2938 suum
784 2879 999 2958 representet
1028 2876 1204 2949 minorem,
1233 2879 1273 2936 nt

154 2965 306 3027 discusso
334 2964 473 3046 negotio
503 2964 718 3027 districtione
742 2965 848 3046 legali
871 2965 1138 3044 uniuscuiusque
1163 2983 1273 3027 emen-

153 3054 254 3116 detur
271 3072 436 3116 excessus.
484 3052 529 3115 Et
545 3055 634 3134 quia,
660 3054 743 3115 dum
758 3053 868 3135 regali
884 3074 965 3116 cura
989 3055 1121 3115 actores
1145 3056 1273 3116 nostra·

152 3162 229 3203 rum
246 3142 519 3224 perquireremus
535 3143 797 3224 provinciarum,
813 3142 1036 3225 conperimus,
1051 3142 1142 3222 quod
1158 3162 1272 3204 nume·

152 3230 234 3293 rarii
257 3229 313 3292 vel
338 3230 535 3293 defensores
559 3251 674 3293 annua
697 3231 770 3293 vice
794 3233 982 3304 mutentur,
1013 3251 1080 3312 qua
1104 3230 1146 3292 de
1171 3250 1273 3292 causa

153 3318 401 3382 detrimentum
424 3320 550 3381 nostris
572 3341 641 3382 non
667 3319 871 3401 ambigimus
895 3319 1030 3401 populis
1055 3319 1199 3401 evenire,
1226 3318 1273 3380 id·

153 3427 261 3488 eoque
285 3407 451 3482 iubemus,
476 3411 517 3470 ut
540 3408 754 3472 numerarius
777 3407 832 3471 vel
857 3408 1026 3483 defensor,
1056 3407 1115 3488 qui
1143 3407 1273 3491 electus

154 3497 196 3559 ab
222 3496 389 3579 episcopis
413 3496 468 3558 vel
492 3497 627 3579 populis
650 3497 767 3567 tuerit,
798 3497 1004 3559 conmissum
1035 3499 1178 3578 peragat
1201 3495 1273 3557 offi-

154 3585 255 3648 cium.
291 3584 348 3646 Ita
366 3587 493 3661 tamen,
515 3589 564 3660 ut,
590 3587 672 3648 dum
695 3587 908 3648 numerarius
932 3585 988 3648 vel
1012 3585 1171 3648 defensor
1187 3584 1273 3646 ordi·

154 3677 267 3749 natur,
293 3673 429 3735 nullum
454 3673 657 3737 beneficium
681 3674 788 3736 iudici
812 3675 893 3738 dare
918 3674 1051 3748 debeat,
1084 3693 1147 3736 neo
1170 3673 1273 3735 iudex

154 3765 330 3845 presumat
361 3761 404 3824 ab
435 3763 483 3825 eis
511 3762 643 3844 aliquid
671 3764 824 3845 accipere
848 3763 904 3826 vel
928 3762 1073 3845 exigere.
1121 3760 1274 3838 Quodsi

154 3851 230 3932 quis
253 3851 407 3913 iudicum
430 3851 519 3913 hanc
540 3855 694 3914 nostram
709 3851 963 3914 transcenderit
980 3851 1272 3925 constitutionem,

154 3940 283 4002 honore
306 3939 462 4022 privatus
486 3939 605 4003 decem
625 3939 729 4003 libras
754 3940 830 4002 auri
853 3933 955 4003 fiscob
975 3932 1113 4002 nostrob
1135 3943 1273 4002 coactus

155 4028 301 4091 exolvat.
349 4027 549 4092 Sacerdotes
572 4049 662 4103 vero,
694 4049 778 4110 quos
803 4029 919 4091 divina
942 4029 1174 4091 obtestatione
1198 4048 1274 4089 con-

154 4111 370 4191 monemusk,
403 4117 431 4178 si
455 4136 610 4180 excessus
634 4117 787 4180 iudicum
811 4121 872 4180 aut
896 4121 1051 4179 actorum
1075 4116 1215 4179 scierint
1239 4119 1274 4178 et

261 4271 290 4312 11.
318 4269 645 4320 a)itaRa;RecaredusR1.
686 4273 709 4318 b)
719 4273 775 4309 deest
785 4271 830 4311 1³1.
870 4270 1058 4320 c)subtibusRl.
1100 4269 1274 4316 d)nnllamR2.

156 4325 177 4370 e)
190 4326 313 4363 severitate
326 4326 347 4363 R
356 4326 375 4366 2.
435 4326 454 4372 f)
468 4326 619 4364 ministramus
634 4326 654 4362 R
664 4325 682 4366 2.
743 4327 764 4372 g)
779 4327 844 4361 ut-
858 4323 906 4361 fisci
921 4324 992 4362 nostri
1008 4334 1049 4364 ona,
1059 4333 1101 4370 per
1115 4333 1210 4360 errorem
1225 4323 1245 4360 R
1255 4322 1275 4364 2.

156 4377 178 4424 h)
192 4378 312 4426 pravitatis
326 4379 373 4420 Bl.
428 4379 443 4426 i)
458 4380 542 4418 tionem
556 4390 576 4420 a.
590 4391 611 4420 r.
626 4389 659 4426 pr.
675 4378 758 4415 abrasa
772 4378 847 4414 derunt
861 4377 907 4418 Rl.
962 4377 986 4423 k)
1001 4377 1184 4415 convenimus
1199 4376 1247 4416 Ra

157 4500 183 4569 1)
202 4503 242 4554 Dc
255 4504 375 4568 privatis
393 4503 429 4565 cf.
448 4504 528 4555 etiam
546 4518 632 4568 supra
646 4519 676 4567 p.
692 4503 751 4566 157,
772 4517 798 4555 n.
817 4502 842 4554 2.
