3264 5206
347 559 398 612 134
530 553 608 608 LEX
626 552 742 610 visis.
761 551 1030 610 ancenssvmn
1066 552 1137 621 ΠΗ,
1155 557 1181 621 3,
1200 556 1225 608 2.
1244 557 1269 608 3.

567 729 605 784 Π.
635 727 804 784 FLAVIUS
823 727 1137 784 OHINDASVINDUS
1155 727 1243 783 Rex.

346 843 404 906 Er
424 863 504 925 quo
524 841 745 926 incipient
766 841 1001 924 conputari
1021 841 1124 904 anni
1146 842 1190 905 in
1210 841 1467 905 actionibus

763 929 1044 1014 pupillorum.
1482 957 1483 960 ¹

453 1035 620 1115 Quotiens
644 1035 687 1100 de
711 1037 892 1100 emissione
910 1055 1025 1100 rerum
1040 1035 1189 1100 intentio
1205 1036 1361 1112 vertitur,
1386 1035 1466 1100 illos

346 1146 453 1190 annos
476 1126 513 1189 in
537 1124 745 1209 pupillorum
770 1123 990 1188 hactionibus
1014 1125 1252 1208 conputandos
1276 1129 1370 1188 esse²
1390 1144 1467 1188 cen·

346 1235 469 1291 semus,
483 1213 607 1296 quibus
624 1217 784 1296 parentes
799 1214 960 1297 ipsorum,
978 1215 1076 1297 pater
1088 1211 1251 1276 videlicet
1266 1215 1328 1276 aut
1343 1217 1465 1288 mater,

345 1323 418 1368 rem
435 1302 583 1367 caruisse
600 1305 805 1378 noscuntur;
829 1301 866 1365 id
882 1305 943 1378 est,
968 1304 1009 1364 ut
1032 1321 1073 1366 ex
1097 1321 1137 1365 eo
1159 1293 1335 1385 temporeb
1356 1301 1467 1385 pupil-

346 1391 476 1455 laribus
499 1391 599 1454 annis
622 1391 666 1454 ed
682 1390 1008 1473 quinquaginerium
1023 1410 1205 1454 numerum
1220 1395 1372 1453 summe⁰
1392 1410 1468 1473 per-

345 1481 478 1555 tendat,
509 1481 552 1544 de
583 1499 650 1561 quo
673 1499 694 1542 a
716 1479 878 1563 predictis
906 1498 1023 1544 eorum
1047 1473 1270 1561 parentibusd
1296 1497 1369 1543 esse
1392 1499 1468 1542 rem

347 1571 482 1634 constat
509 1569 678 1632 amissam.
726 1567 787 1630 Sin
809 1587 890 1632 vero
918 1570 1077 1651 parentes
1108 1566 1241 1650 pupilli,
1272 1568 1354 1630 dum
1376 1568 1469 1630 vive·

345 1661 457 1734 rent⁰‚
488 1676 562 1721 rem
588 1676 650 1739 per
677 1667 762 1721 XXX
785 1675 893 1718 annos
923 1656 1110 1732 amiserint,
1143 1654 1294 1739 pupillus
1325 1659 1470 1740 propter

346 1747 411 1809 hoo
435 1745 529 1808 ultra
551 1745 646 1827 loqui
669 1765 739 1807 non
763 1744 900 1827 poterit.

753 1931 809 1988 nr.
839 1930 1052 2000 Androsia.

348 2044 551 2123 Qualiter
585 2044 857 2129 pupillorum
892 2043 1038 2106 tutela
1073 2044 1359 2128 suscipiatur,
1395 2044 1469 2108 vel

392 2135 440 2197 de
468 2133 594 2198 rebus
623 2153 765 2197 eorum
794 2152 872 2215 que
900 2152 998 2216 pars
1024 2131 1252 2196 tutoribus
1281 2133 1418 2196 detur.

454 2239 512 2302 Sil
535 2243 632 2324 patre
648 2243 784 2302 mortuo
807 2239 844 2301 in
861 2239 984 2302 minori
1009 2241 1102 2302 etate
1125 2237 1189 2300 filii
1211 2238 1466 2320 relinquantur,

346 2331 457 2391 mater
480 2348 598 2391 eorum
621 2327 744 2404 tutela,
776 2328 805 2390 si
827 2326 985 2402 voluerit,
1017 2327 1191 2409 suscipiat,
1223 2328 1252 2390 si
1279 2330 1397 2391 tamen
1427 2328 1468 2390 in

345 2415 516 2480 viduitate
544 2416 786 2500 permanserit;
817 2416 868 2478 ita
895 2419 936 2478 ut
963 2417 1006 2479 de
1033 2414 1134 2479 rebus
1163 2415 1242 2478 filiis
1256 2415 1392 2479 debitis
1415 2416 1468 2478 in-

346 2505 539 2569 ventarium
561 2505 679 2580 faciat,
708 2524 769 2587 per
792 2505 883 2586 quod
906 2505 1124 2587 postmodum
1148 2503 1211 2565 filii
1234 2505 1469 2568 hereditatem

346 2593 412 2658 sibi
440 2587 613 2658 debitamb
641 2595 798 2674 querant.
844 2591 944 2670 Quod
971 2593 1000 2655 si
1027 2595 1138 2656 mater
1166 2591 1273 2655 alium
1301 2593 1469 2656 maritmn

347 2682 526 2765 acceperit,
551 2685 587 2746 et
610 2681 753 2763 aliquis⁰
775 2682 817 2745 de
841 2681 920 2744 filiis
944 2680 1013 2744 iam
1037 2682 1081 2744 ad
1104 2675 1328 2763 perfectam,
1353 2682 1388 2744 id
1411 2686 1469 2745 est

346 2791 454 2852 usque
478 2763 546 2833 adb
573 2781 630 2835 XX
653 2789 821 2832 annorum
844 2770 1023 2852 perveniat
1046 2773 1184 2845 etatem,
1213 2769 1286 2853 ipse
1314 2769 1468 2834 iuniores

346 2859 470 2924 iratres
495 2879 557 2923 sua
579 2859 728 2922 tuitione
757 2858 923 2922 defendat
947 2861 982 2921 et
1005 2877 1058 2922 res
1082 2878 1200 2923 eorum
1226 2877 1290 2922 nec
1315 2857 1358 2921 ab
1381 2858 1469 2941 ipsis

346 2968 409 3012 nec
437 2947 481 3012 ab
505 2948 581 3010 aliis
595 3019 597 3023 y
610 2947 808 3031 permittat⁰
837 2946 953 3022 everti,
985 2966 1048 3010 nee
1076 2946 1192 3028 aliqua
1218 2941 1464 3029 neglegentias

347 3037 511 3120 deperire.
558 3034 659 3113 Quod
682 3036 711 3098 si
735 3055 791 3100 eas
814 3035 887 3118 ipse
909 3034 1000 3098 forte
1025 3035 1250 3098 consumserit
1274 3039 1336 3098 aut
1350 3035 1469 3098 vendi·

347 3125 436 3188 derit
458 3124 514 3188 vel
538 3125 718 3188 donaverit
746 3127 807 3187 aut
835 3143 897 3207 per
923 3117 1201 3206 neglegentiamf
1228 3143 1326 3186 suem
1353 3123 1471 3206 perire

345 3213 547 3296 permiserit,
573 3233 651 3276 eum
665 3213 790 3276 fratres
808 3212 1029 3285 adoleverint,
1055 3232 1104 3288 ea,
1125 3231 1191 3293 que
1207 3232 1268 3295 per
1283 3211 1469 3294 neglegen-

345 3295 452 3364 tiamf
478 3301 585 3383 ipsius
609 3301 828 3385 deperierint,
859 3301 901 3364 de
925 3320 987 3364 sua
1014 3299 1083 3363 illis
1110 3300 1268 3383 portione
1291 3301 1468 3365 restituat.

347 3388 411 3452 Oui
437 3391 555 3454 tamen
583 3389 626 3453 de
654 3389 826 3453 fructibus
855 3389 898 3452 nd
926 3389 1056 3453 victum
1084 3389 1303 3471 presumendi
1330 3391 1470 3473 partem

347 3477 515 3541 decimam
533 3498 603 3540 non
618 3497 793 3560 negamus,
817 3480 944 3541 utnon
959 3478 1033 3554 hee,
1058 3497 1123 3559 que
1148 3476 1252 3542 debet
1275 3477 1470 3542 minoribus

345 3585 526 3642 reservare,
551 3566 653 3628 nimis
677 3569 810 3630 evertat
833 3567 989 3650 expensis
1000 3567 1021 3626 ².
1068 3565 1212 3648 siquas
1233 3585 1313 3630 vero
1337 3567 1378 3629 de
1401 3585 1470 3629 suo

346 3675 407 3738 pro
438 3653 675 3718 communibus
704 3655 968 3720 necessitatibus
1003 3656 1064 3717 aut
1093 3655 1241 3737 negotiis
1271 3659 1467 3738 expensasg

344 3743 477 3820 fecerit,
501 3743 598 3807 facte
620 3747 779 3826 presente
801 3743 915 3806 iudice
938 3743 1082 3819 ratione,
1107 3743 1149 3808 de
1174 3763 1223 3819 ea,
1248 3762 1315 3825 que
1338 3743 1418 3827 ipsis
1443 3763 1471 3806 a

346 3835 443 3915 patre
467 3824 682 3895 communisll
701 3832 824 3895 relicta
847 3835 899 3896 est
922 3830 1126 3907 substantia,
1152 3831 1243 3914 quod
1264 3831 1470 3915 expenderit

345 3923 584 4003 consequatur.
632 3918 732 3998 Quod
755 3920 784 3983 si
806 3920 933 3984 fratres
957 3919 1029 3984 eius
1053 3921 1156 3984 etatis
1179 3919 1234 3983 vel
1257 3920 1372 3984 meriti
1393 3940 1470 3983 non

451 4127 482 4170 11.
521 4126 705 4174 a)bisscr.R1.
776 4127 872 4175 b)cum
892 4125 1006 4168 additi.
1073 4127 1231 4174 c)sumaR1.
1306 4124 1469 4176 d)excspto

346 4180 503 4220 tricennali
521 4180 685 4220 obiectione
705 4180 756 4223 add.
770 4181 818 4222 ΗΞ,
873 4183 895 4228 e)
909 4178 1015 4220 viderent
1028 4181 1074 4222 131.

451 4233 493 4275 111.
541 4234 695 4282 Mami.
769 4234 793 4282 b)
806 4234 863 4272 deest
877 4235 924 4276 Ri.
998 4235 1019 4282 c)
1033 4233 1104 4281 aliqui
1118 4233 1164 4275 Rl.
1241 4230 1402 4282 d)periectum
1417 4233 1470 4278 Μ,

345 4288 366 4334 e)
380 4287 496 4335 permittet
509 4285 556 4329 131.
612 4287 729 4336 Oneclig·
738 4298 782 4336 pro
797 4287 887 4336 111131113-
900 4288 920 4326 R
929 4287 950 4328 2.
1007 4288 1029 4335 g)
1044 4286 1149 4336 expensis
1164 4287 1210 4328 121.
1265 4287 1288 4334 h)
1303 4287 1402 4326 comunis
1417 4287 1470 4331 Rl,

345 4443 372 4510 1)
384 4445 432 4509 Ὀἷς
450 4445 523 4512 Rioe,
544 4445 645 4500 ‘Gessit
664 4447 691 4500 d.
710 4446 745 4500 D.
763 4438 998 4510 Vormundsehoft²
1017 4445 1041 4511 Ι,
1058 4463 1087 4513 p.
1101 4445 1154 4500 194
1169 4461 1223 4512 sqq.
1314 4445 1341 4512 2)
1359 4445 1400 4496 De
1418 4446 1469 4498 hoc

345 4516 398 4568 loco
416 4533 439 4570 o.
457 4531 524 4583 quoe
541 4516 724 4568 desederunt
742 4517 836 4568 Krane
855 4518 873 4570 l.
891 4533 912 4570 c.
931 4516 971 4582 II,
988 4533 1017 4584 p.
1030 4518 1065 4571 56
1078 4533 1132 4584 sq.;
1150 4516 1215 4568 Rioe
1234 4517 1251 4571 l.
1270 4532 1298 4572 e..
1307 4534 1337 4584 p.
1351 4517 1412 4572 199.
