3218 5202
356 549 434 605 LEX
452 549 572 617 VISIG,
586 549 854 608 REOGESSVIND.
890 551 945 620 ΠΙ,
965 555 1032 621 6,1.
1051 556 1076 610 2.
1228 557 1280 611 117

598 727 622 784 1.
653 726 837 797 1111111111.

160 821 205 885 si
228 821 385 886 mulier
408 822 493 886 viri
520 822 586 885 sui
608 823 725 886 iuste
748 822 816 886 vel
844 823 1011 887 iniuste
1040 823 1280 889 divortium

614 911 824 994 patiatur.

267 1016 448 1081 Mulierem
472 1017 658 1100 ingenuam
678 1038 699 1079 a
713 1017 788 1080 viro
803 1037 865 1080 suo
880 1017 1143 1100 reppudiatama
1162 1019 1279 1083 nullus

159 1105 226 1169 sibi
248 1105 286 1167 in
310 1098 490 1188 coniugiob
517 1105 692 1169 adsociare
715 1108 900 1188 presumat,
931 1106 998 1168 nisi
1028 1110 1089 1169 aut
1119 1107 1275 1190 scriptis⁰

159 1197 222 1257 aut
252 1214 366 1257 eoram
394 1193 543 1257 testibus
573 1194 759 1257 divortium
793 1194 885 1257 inter
915 1215 971 1258 eos
1005 1194 1113 1259 fuisse
1147 1196 1280 1259 factum

159 1283 337 1346 evidenter
367 1285 541 1365 agnoscat.
589 1281 688 1360 Quod
716 1283 745 1345 si
773 1281 875 1346 aliter
904 1283 1018 1347 facere
1049 1279 1276 1367 quicumque‘¹

158 1371 390 1455 presumserit,
422 1392 500 1433 mox
531 1391 643 1434 comes
674 1371 824 1434 civitatis
846 1371 902 1434 vel
924 1371 1072 1434 vicarius
1101 1376 1162 1435 aut
1184 1373 1280 1435 terri-

158 1460 241 1522 torii
264 1459 367 1522 iudex
389 1459 461 1522 tale
484 1459 583 1523 nefas
607 1459 813 1522 conmissum
843 1460 1031 1542 agnoverit,
1063 1460 1093 1522 si
1121 1460 1274 1524 nobiles⁰

158 1548 292 1612 fuerint
326 1548 472 1612 fortasse
507 1567 665 1630 persone,
701 1568 786 1631 quos
819 1548 923 1612 iudex
958 1548 1164 1632 distringere
1194 1542 1276 1611 autf

160 1656 318 1720 separare
355 1657 426 1700 non
463 1637 585 1719 possit,
624 1637 751 1699 nostris
785 1636 848 1699 idg
886 1636 1062 1700 auditibus
1097 1637 1279 1701 confestim

159 1725 337 1809 publicare
366 1745 437 1787 non
468 1724 616 1801 differat,
648 1728 688 1787 ut
712 1725 930 1788 severitatem
954 1724 1050 1808 legis,
1081 1746 1184 1808 quam
1214 1747 1279 1789 me-

158 1817 289 1891 rentur,
326 1813 509 1896 excipiant.
562 1813 654 1876 Nam
683 1813 711 1876 si
741 1813 882 1877 minoris
912 1813 980 1877 loci
1010 1833 1153 1896 persone
1188 1817 1278 1890 sunt,

158 1902 263 1966 iudex
293 1921 350 1965 eos
381 1902 545 1965 continuo
576 1922 734 1985 separare
764 1922 980 1984 nequaquam
1003 1895 1198 1978 moreturh;
1228 1903 1280 1964 ita

158 1994 295 2053 uttam
319 1989 451 2066 mulier,
476 2011 542 2072 que
566 2010 601 2054 se
625 1983 769 2054 halterii
794 1992 891 2054 extra
913 1990 1140 2054 volumtatem
1164 1991 1280 2053 mariti

158 2079 283 2163 prioris
312 2078 349 2140 in
379 2079 578 2162 coniugium
608 2072 820 2161 copulavitk,
852 2100 952 2161 quarn
985 2079 1090 2142 etiam
1119 2078 1189 2156 ille,
1221 2079 1280 2162 qui

160 2189 235 2232 eam
259 2166 325 2230 sibi
349 2167 527 2230 adsumere
550 2187 691 2238 uxorem
715 2160 932 2250 presumsitl,
956 2167 994 2228 in
1017 2170 1190 2250 potestate
1212 2171 1278 2230 tra-

160 2257 289 2318 dantur
312 2256 493 2320 anterioris
517 2256 642 2332 mariti,
674 2258 715 2318 ut
742 2255 834 2338 quod
859 2256 901 2318 de
925 2255 1005 2318 eism
1028 2256 1144 2319 facere
1167 2255 1279 2320 volue-

158 2345 206 2407 rit
229 2344 283 2406 sui
306 2344 351 2406 sit
371 2343 613 2408 incunctanter
629 2344 764 2408 arbitrii
774 2343 795 2404 1.
843 2343 880 2407 si
902 2346 1019 2407 tamen
1036 2364 1170 2408 oausam
1188 2345 1279 2408 inter

158 2433 309 2517 priorem
324 2433 487 2495 maritum
511 2436 546 2496 et
568 2453 708 2496 uxorem
733 2432 846 2496 adhue
868 2433 1027 2495 inaudita
1042 2453 1180 2496 manere
1204 2453 1278 2496 con-

160 2521 303 2597 stiterit,
340 2524 401 2583 aut
436 2521 464 2584 si
498 2521 652 2585 hisdem¹l
686 2521 830 2584 maritus
865 2520 967 2585 alteri
1001 2541 1036 2584 se
1071 2520 1208 2584 mulieri
1242 2521 1279 2583 in

160 2609 399 2672 matrimonio⁰
434 2615 528 2672 nonl'
563 2609 813 2686 coniuncxerit,
845 2613 937 2673 certe
968 2609 997 2672 si
1026 2610 1170 2672 maritus
1200 2631 1279 2672 uxo·

158 2719 231 2762 rem
247 2697 375 2760 iniuste
390 2698 579 2781 reliquerit,
604 2701 639 2761 et
655 2698 876 2761 donationem
896 2697 986 2760 dotis
1002 2697 1151 2774 amittat,
1176 2719 1279 2781 quam

160 2788 191 2851 ei
215 2785 419 2863 contulerat,
445 2787 556 2850 eidem
579 2785 715 2850 mulieri
739 2785 966 2869 proculdubio
990 2786 1218 2868 profuturam,
1243 2788 1279 2850 et

160 2873 327 2941 derebus
351 2875 503 2938 eiusdem
527 2875 680 2938 mulieris
702 2873 791 2937 nihil
814 2894 850 2938 se
873 2874 1074 2937 habiturum
1090 2879 1185 2937 esseg
1204 2894 1279 2957 cog-

159 2967 288 3027 noscat.
337 2961 406 3026 Sed
428 2963 596 3046 quidquid
620 2963 724 3026 etiam
755 2963 796 3026 de
819 2962 1024 3026 facultatem
1047 2961 1200 3025 mulieris
1222 2962 1278 3026 vel

160 3052 326 3117 alienasse
361 3052 416 3115 vel
452 3050 673 3115 defraudasse
709 3051 907 3128 dinoscitur,
945 3051 989 3113 ad
1023 3050 1196 3133 integrum
1232 3050 1278 3113 di-

160 3141 352 3224 stringente
375 3140 488 3204 iudice
512 3139 649 3203 mulieri
670 3139 843 3203 restituat.
891 3137 992 3218 Quod
1016 3139 1044 3202 si
1067 3138 1191 3202 mulier
1214 3139 1277 3202 sub

160 3232 254 3292 metu
289 3229 354 3293 viri
389 3229 591 3304 consistens,
628 3248 842 3310 quocumque
877 3230 1081 3311 argumento
1116 3246 1279 3311 persuasa

161 3318 229 3382 sive
260 3318 414 3400 decepta,
446 3317 618 3398 aliquamq
646 3317 687 3381 de
718 3317 788 3378 suis
817 3316 920 3380 rebus
949 3317 987 3379 in
1015 3317 1154 3380 nomine
1183 3315 1278 3378 illius

159 3406 232 3483 viri,
264 3407 324 3489 qui
347 3427 423 3469 eam
445 3404 603 3487 reliquid,
635 3405 862 3488 scripturamr
890 3404 1139 3487 conscripserit,
1165 3404 1278 3466 huius·

160 3494 251 3556 modi
287 3494 457 3577 scriptura
490 3492 622 3555 nullam
657 3493 853 3556 omnimodo
888 3493 1087 3556 firmitatem
1124 3491 1276 3568 habebit,

161 3583 218 3646 sed
241 3584 411 3658 universa,
436 3600 501 3664 que
525 3602 586 3664 per
602 3581 747 3645 eandem
763 3582 967 3665 scripturam
984 3581 1108 3644 mulier
1125 3581 1276 3656 dederat,

160 3670 225 3733 iuri
249 3691 311 3735 sno
334 3670 532 3754 perenniter
555 3669 755 3734 vindicabit.

380 3821 420 3878 H.
450 3820 618 3877 FLAVIUS
638 3820 949 3877 OHINDASVINDUS
968 3821 1056 3878 REX.

295 3917 355 3982 Ne
386 3917 504 3981 inter
535 3917 742 4000 coniuges
774 3916 1012 3980 divortium
1042 3917 1139 3979 fiat.

265 4023 303 4086 Si
333 4023 481 4087 alienam
509 4023 689 4106 coniugem
712 4023 842 4086 violare
869 4043 924 4086 res
947 4023 1020 4086 sine
1044 4022 1185 4086 erimine
1208 4043 1278 4084 non

265 4178 282 4219 1.
324 4179 345 4226 a)
360 4175 480 4227 repudiata
494 4177 540 4219 Re.
600 4177 623 4225 b)
638 4176 765 4226 coniugium
779 4177 826 4219 122.
887 4178 907 4225 c)
921 4176 954 4215 ita
967 4175 1278 4228 121.E1;scripturisrtt.

162 4227 183 4278 d)
197 4231 246 4278 quis
260 4231 309 4273 Ba.
390 4232 411 4279 e)
425 4229 506 4269 nobilis
521 4230 591 4269 fuerit
604 4230 651 4272 ΕΙ.
731 4231 750 4278 s)
763 4233 804 4270 aut
817 4240 923 4279 separare
941 4231 984 4272 des.
999 4231 1045 4272 121.
1125 4231 1148 4278 g)
1161 4231 1218 4268 deest
1231 4229 1276 4271 Bl.

162 4283 311 4332 inmorentur
325 4285 371 4325 ΕΙ.
453 4284 469 4331 1)
487 4281 585 4322 adulteri
603 4283 651 4326 122.
730 4283 754 4331 k)
773 4284 887 4332 copulabit
905 4284 951 4322 122.
1037 4283 1052 4331 l)
1070 4283 1218 4332 presumserit
1231 4282 1277 4324 Rl.

162 4336 191 4384 m)
203 4337 237 4376 his
252 4337 299 4378 122.
365 4339 390 4385 n)
404 4333 475 4376 isdem
490 4337 536 4379 Ra.
596 4337 618 4384 ο)
633 4337 799 4376 matrimonium
813 4337 860 4380 ΒΞ.
920 4337 1042 4386 p>seR1.
1104 4339 1127 4384 q)
1141 4336 1217 4384 aliqua
1231 4335 1276 4377 121.

162 4390 180 4437 1)
193 4391 303 4438 scriptura
317 4391 337 4428 R
345 4391 363 4432 1.

164 4511 187 4577 1)
205 4513 244 4578 Cf.
263 4529 349 4582 supro
367 4513 422 4580 ΙΙΙ,
442 4516 467 4579 2,
482 4515 507 4568 6.
