3218 5202
354 517 431 574 Lux
449 517 563 575 VISIG.
583 517 852 576 anconssvmn
888 518 927 588 Π,
945 523 971 587 3,
990 523 1068 576 2-4.
1237 523 1271 578 67

570 694 610 753 11.
640 694 849 766 runcum.

148 807 205 871 Ut
233 809 363 872 iudex
391 828 411 872 a
438 807 675 891 litigatore
702 808 946 891 perquirat,
977 802 1146 872 utrumb
1178 832 1270 893 pro-

286 897 415 980 pria0,
448 917 499 961 an
529 897 677 961 aliena
700 897 759 960 sit
788 911 918 962 causa
947 897 1130 981 prolata.

257 1019 390 1084 luder1
418 1021 566 1105 primum
590 1019 802 1104 alitigatore
825 1014 1040 1105 perquiratb,
1065 1025 1183 1086 utrum
1198 1043 1270 1107 pro·

148 1109 262 1192 priam
285 1129 424 1174 causam
448 1103 575 1186 dicati,
600 1129 646 1173 an
669 1107 783 1174 aliena
805 1109 952 1174 fortasse
975 1111 1173 1195 susceperit.
1215 1111 1270 1175 In·

146 1201 345 1280 terrogetur
362 1197 476 1274 etiam,
495 1197 592 1262 ouius
607 1197 811 1261 mandatum
826 1197 988 1274 habeat⁰;
1013 1202 1049 1263 et
1064 1193 1267 1282 postquamf

148 1305 290 1350 causam
305 1287 519 1364 iudicaverit,
536 1286 641 1350 iudex
657 1286 914 1369 conprehendat
925 1286 967 1349 ,in
982 1286 1145 1364 indictos,
1169 1308 1270 1370 quern

147 1377 210 1438 aut
235 1394 277 1439 ex
300 1375 398 1439 cuius
418 1375 623 1439 mandatum
638 1374 787 1440 audierit
802 1375 981 1458 negotium
996 1381 1268 1460 prosequentem,

147 1463 214 1526 hac
240 1467 397 1548 preterea
419 1464 576 1527 mandati
599 1461 773 1546 exemplar
797 1463 944 1547 accipiat
967 1463 1061 1528 illius
1085 1465 1269 1530 adsertoris

148 1555 235 1636 aput
258 1571 294 1616 se
318 1573 398 1615 cum
415 1552 561 1617 iudicati
577 1551 828 1635 exemplaribus
851 1552 1104 1617 reservandum.
1150 1553 1270 1618 L'ioeat

145 1644 268 1705 tamen
291 1639 354 1718 illi,
379 1641 439 1723 qui
461 1640 618 1725 pulsatus
643 1644 705 1717 est,
729 1640 932 1704 mandatum
955 1641 1138 1725 apetitore
1155 1662 1270 1706 coram

145 1729 263 1793 iudice
293 1733 421 1813 petere,
452 1732 502 1806 ut,
533 1749 636 1812 quam
662 1728 706 1792 ob
731 1748 869 1794 causam
891 1729 999 1794 fuerit
1021 1723 1171 1794 iudicioll
1197 1751 1269 1815 pre

146 1820 315 1894 scutatus,
335 1817 390 1882 vel
411 1810 512 1900 quid¹
531 1821 631 1882 tenor
647 1817 803 1881 mandati
820 1818 1005 1896 contineat,
1030 1818 1269 1884 indubitanter

146 1906 257 1988 possit
280 1925 474 1990 agnoscere.

557 2057 612 2114 111.
643 2055 852 2128 Anrrqms.

145 2171 215 2249 Ut,
249 2172 322 2254 qui
350 2192 423 2256 per
451 2191 493 2235 se
522 2191 693 2236 causam
720 2191 804 2234 non
833 2171 959 2248 dicit,
991 2171 1172 2255 scriptis
1201 2173 1267 2237 ad-

475 2263 688 2324 sertorem
718 2259 939 2324 informet.

256 2365 293 2429 Si
323 2367 399 2448 quis
429 2385 490 2450 per
519 2385 555 2430 se
585 2385 724 2430 causam
754 2366 867 2430 dicere
896 2386 967 2430 non
994 2367 1147 2450 potuerit
1177 2361 1266 2432 autb

145 2455 241 2518 forte
263 2454 425 2529 noluerit,
451 2455 661 2519 adsertorem
679 2473 740 2538 per
755 2454 969 2538 scripturam,
994 2475 1054 2518 sue
1076 2475 1198 2519 manus
1213 2456 1269 2520 vel

145 2543 311 2607 testium⁰
332 2543 439 2626 signis
463 2545 525 2606 aut
548 2542 833 2626 suscriptionibus
851 2538 1081 2621 roboratamd,
1107 2544 1189 2608 dare
1213 2545 1266 2609 de

144 2631 258 2708 bebit,
293 2633 345 2696 ita
378 2635 432 2708 ut,
472 2633 502 2695 si
535 2632 663 2695 isdem⁰
703 2631 858 2696 adsertor
892 2631 1032 2714 aliquod
1067 2632 1266 2696 conludium

61 2755 64 2760 ·
144 2720 285 2796 fecerit,
324 2719 474 2803 qualiter
511 2719 555 2784 ab
590 2720 783 2784 adversario
822 2740 883 2784 suo
921 2720 1030 2803 possit
1066 2721 1103 2783 in
1137 2720 1265 2785 iudicio

21 2819 22 2832 ¹
146 2809 310 2893 superari,
338 2808 426 2873 aliut
448 2811 588 2873 tantum
611 2808 654 2873 de
676 2807 846 2872 facultate
869 2828 932 2872 sua
954 2808 1149 2872 mandatori
1171 2811 1265 2873 resti·

21 2977 23 2988 Ι
145 2901 236 2974 tuat,
267 2901 436 2980 quantum
465 2890 530 2961 def
555 2896 657 2961 rebus
687 2897 760 2960 eius
790 2897 941 2980 perdidit
969 2899 1030 2960 aut
1052 2898 1185 2972 evertit,
1210 2898 1266 2962 vel

21 2995 22 3006 ¹
115 3040 121 3052 .
147 2987 256 3050 etiam
279 3005 346 3068 que
368 2987 441 3070 ipse
463 2986 646 3049 mandator
669 2984 825 3050 obtinere
840 2986 921 3051 vel⁸
940 2985 1119 3067 adquirere
1135 2983 1265 3050 debuit.

353 3189 424 3248 1111.
454 3187 624 3246 FLAVIUS
642 3186 956 3246 OHINDASVINDUS
975 3189 1062 3248 REX.

148 3304 203 3367 Ut
235 3304 435 3388 personis
465 3303 692 3368 nobilibus
722 3304 894 3385 questio
924 3305 1267 3388 permundatum

146 3389 408 3458 nullatenus
437 3393 644 3476 agitetur,
676 3395 719 3456 et
747 3391 941 3474 qualiter
968 3392 1178 3456 humilior
1205 3393 1266 3456 in·

146 3501 314 3564 genuus
350 3482 440 3546 sive
475 3481 1009 3633 servrrsqlpgartlrprrandatum
1042 3482 1267 3564 questioni

257 3673 482 3754 Questionem
511 3675 548 3738 in
578 3676 731 3759 personis
766 3675 939 3739 nobilibus
973 3675 1173 3740 nullatenus
1207 3696 1267 3760 per

149 3765 355 3828 mandatum
388 3765 540 3847 patimur
575 3765 709 3846 agitari.
773 3764 970 3846 Ingenuum
1004 3783 1084 3828 vero
1119 3768 1154 3829 et
1188 3785 1267 3848 pau·

150 3873 266 3936 perem
289 3872 470 3936 personam
494 3853 604 3934 adque
628 3853 825 3916 incrimine
847 3853 917 3916 iam
940 3855 1021 3916 ante
1044 3857 1263 3936 reppertum⁸

256 4060 287 4102 ΙΙ.
327 4062 349 4109 a)
363 4062 419 4100 deest
432 4061 482 4102 ΒΞ,
562 4059 585 4107 b)
604 4063 678 4099 utrum
693 4059 850 4108 -perquirat
867 4060 910 4102 des.
924 4059 973 4102 122.
1054 4061 1075 4107 c)
1094 4060 1208 4109 propriam
1222 4061 1268 4102 Rl.

148 4110 172 4160 d)
185 4114 243 4152 deest
257 4114 304 4156 121.
358 4114 528 4163 e)lrabetR1;
550 4113 618 4152 abeat
632 4113 680 4155 Rs.
739 4113 881 4161 npostRl.
941 4115 963 4161 g)
978 4112 1002 4152 in
1016 4109 1124 4152 iudicium
1137 4113 1188 4164 1315
1209 4111 1268 4153 iudi-

149 4167 183 4204 cio
198 4167 247 4209 122.
302 4167 326 4214 h)
341 4170 390 4205 ante
403 4167 424 4209 h.
438 4178 457 4208 o.
471 4167 496 4204 in
505 4170 557 4216 post
571 4177 681 4214 suprascr.
695 4166 741 4208 121.
796 4166 812 4212 i)
827 4166 865 4213 qui
880 4169 981 4205 tenorem
996 4166 1042 4207 ΕΙ.

256 4219 297 4261 III.
332 4221 354 4267 a)
367 4221 424 4258 deest
437 4219 485 4262 Μ.
538 4219 561 4266 b)
575 4224 615 4259 aut
629 4219 643 4262 f.
659 4219 757 4259 noluerit
770 4219 812 4260 des.
827 4219 873 4260 Rl.
922 4220 942 4267 c)
957 4219 1051 4258 testibus
1066 4219 1112 4261 ΕΙ.
1166 4217 1190 4267 d)
1204 4219 1268 4259 robo-

149 4276 198 4311 rata
213 4273 259 4314 Rl.
314 4275 335 4321 e)
349 4270 437 4312 hisdem
451 4273 499 4314 122.
553 4271 916 4320 Ode-etiamquedes.122.
970 4272 1215 4321 g)sus(l.sive)121.

257 4323 309 4368 IIII.
351 4325 374 4376 a)
388 4330 517 4376 repperiam
531 4325 579 4366 122.

151 4484 177 4550 1)
195 4483 236 4549 Cf.
256 4485 287 4539 L.
308 4486 383 4541 Rern.
401 4487 454 4540 Vis.
473 4486 500 4540 0.
518 4485 566 4540 ib.
586 4484 625 4550 H,
646 4486 688 4550 12,
709 4488 733 4538 3.
