3264 5206
320 538 374 592 202
496 533 575 588 LEX
593 531 709 590 Vlsffl.
728 530 998 588 REOGESSVIND.
1034 530 1263 600 V1,5‚1a-2o.

321 717 427 780 etiam
450 717 541 793 fisco,
567 715 596 779 si
619 707 783 778 herodesf
810 714 981 798 proximos
1005 715 1136 778 occisus
1159 734 1230 777 non
1252 714 1442 797 reliquerit,

321 805 454 869 sociari.
492 803 584 868 Nam
601 803 801 866 homicida⁸5
826 795 916 866 nech
934 802 1163 867 facultatibus
1186 803 1256 867 suis
1276 802 1444 868 liberatus

321 896 450 970 utetur,
475 893 581 957 etiam
604 885 650 956 si¹
677 911 802 975 penam
824 892 945 955 mortis
968 892 1112 956 evadere
1136 895 1319 956 mereatur.

699 1061 826 1118 xvim.
857 1061 1071 1131 surioola.

387 1176 430 1241 Si
462 1169 505 1239 ab
538 1175 731 1260 proximo
762 1175 994 1257 sanguinis
1025 1195 1127 1238 casu
1157 1174 1378 1258 proximus

761 1264 1003 1327 occidatur.

431 1371 467 1436 si
495 1375 594 1456 pater
622 1370 733 1433 filium
761 1374 822 1434 aut
845 1373 956 1434 mater
979 1371 1086 1434 filiam
1111 1374 1172 1434 aut
1195 1370 1287 1434 filius
1310 1375 1447 1454 patrem

324 1465 386 1525 aut
408 1461 517 1524 frater
532 1460 677 1523 tratrem
694 1464 755 1522 aut
770 1458 960 1542 quemlibet
983 1458 1049 1522 sibi
1066 1459 1316 1543 propinquum⁰
1338 1459 1447 1542 gravi-

324 1550 387 1614 bus
405 1553 543 1613 coactus
567 1549 711 1624 iniuriis,
737 1552 798 1612 aut
817 1549 900 1611 dum
915 1551 1097 1631 repugnat,
1122 1548 1296 1624 occiderit,
1321 1551 1356 1611 et
1380 1549 1447 1611 hoc

323 1639 457 1702 idoneis
479 1637 637 1712 testibus,
663 1637 787 1719 quibus
803 1637 927 1700 merito
943 1636 1027 1700 fides
1044 1637 1152 1720 possit
1168 1637 1335 1712 adhiberi,
1360 1640 1447 1720 aput

323 1727 473 1791 iudicem
489 1726 643 1811 potuerit
659 1726 859 1809 adprobare,
884 1725 977 1807 quod
1000 1726 1241 1808 parracidium,
1267 1726 1349 1788 dum
1372 1746 1447 1809 pro-

324 1817 434 1900 priam
447 1816 552 1879 vitam
565 1818 693 1890 tuetur,
711 1814 898 1888 admiserit,
916 1833 1054 1877 scamus
1068 1814 1240 1890 abscedat,
1258 1833 1321 1877 nec
1333 1813 1447 1876 ullum

324 1905 395 1968 vite
426 1903 618 1987 periculum
648 1906 710 1966 aut
739 1903 920 1986 dispendia
948 1902 1159 1966 facultatum
1188 1902 1244 1966 vel
1273 1906 1448 1967 tormenta

324 1990 498 2069 formidet,
522 1991 585 2054 illa
608 1993 814 2056 discretione
838 1994 983 2067 servata,
1008 2011 1074 2073 que
1096 1993 1134 2054 in
1154 1992 1287 2055 cunctis
1312 1991 1447 2055 casibus

326 2084 379 2146 est
402 2081 444 2144 de
468 2080 663 2144 homicidiis
688 2081 888 2144 constituta.

420 2250 484 2306 XX.
515 2250 683 2306 FLAVIUS
703 2250 917 2306 GLORIOSUS
935 2250 1244 2306 REOOESSVINDUS
1263 2250 1351 2305 REX.

327 2363 370 2426 Si
391 2383 540 2427 servus
562 2382 729 2427 servum
750 2364 924 2428 casibus
945 2364 1208 2448 prescriptis
1229 2363 1447 2427 hoccidat.

434 2469 470 2532 si
486 2471 619 2534 cunctis
634 2491 738 2554 supra
753 2470 889 2553 scriptis
905 2470 1039 2534 casibus
1056 2490 1172 2534 servus
1189 2490 1324 2534 servum
1338 2470 1448 2534 hocci-

328 2560 417 2623 disse
446 2559 630 2643 detegitur,
662 2579 796 2623 omnem
829 2559 1074 2642 conpositionis
1105 2579 1282 2636 summam,
1314 2578 1381 2641 que
1405 2560 1447 2622 de

328 2668 409 2712 casu
431 2647 521 2710 tali⁸
548 2651 601 2712 est
624 2649 826 2712 hoccasione
851 2651 980 2725 taxata,
1010 2648 1098 2712 servi
1126 2649 1284 2712 dominus
1313 2668 1355 2712 ex
1382 2667 1448 2710 me-

327 2737 458 2801 dietate
488 2737 627 2800 domino
658 2737 746 2801 servi
775 2737 959 2820 persolvat.
1007 2735 1106 2815 Quod
1135 2738 1173 2818 si,
1191 2757 1252 2820 pro
1283 2757 1322 2800 eo
1354 2737 1449 2800 satis-

326 2825 440 2890 facere
465 2828 673 2902 contemnat,
699 2845 834 2889 servum
858 2827 931 2890 sine
956 2826 1061 2889 dubio
1084 2826 1212 2889 tradat.

434 2998 592 3046 oberesBl.
646 2996 855 3046 g)homicideR1.
909 2998 1037 3046 hlnalil,
1092 2997 1239 3046 udaeam.

434 3052 529 3093 xvlm.
570 3053 592 3100 a)
606 3053 662 3090 decet
676 3052 725 3092 ΒΞ,
779 3052 802 3098 b)
816 3052 933 3093 dcestRl.
988 3057 1008 3100 c)
1022 3052 1149 3101 propinquo
1164 3052 1210 3094 Rl.

433 3105 479 3147 XX.
520 3105 660 3153 a)alioR1.
