3220 5212
308 503 342 556 30
466 497 545 552 LEX
563 496 678 556 VISIG.
697 496 968 556 REOOESSVIND.
1004 496 1028 564 Ι,
1048 501 1072 566 1,
1092 502 1123 564 93
1149 501 1267 566 2,1-3.

309 705 387 748 oum
415 682 508 746 salus
534 685 611 746 tota
633 682 788 766 plebium
811 682 848 745 in
872 675 1125 747 conservandob
1153 683 1228 746 iure
1252 683 1433 759 consistat,

308 773 401 855 leges
425 773 516 856 ipsas
540 772 708 854 corrigere
733 770 856 836 debet⁰
885 775 967 835 ante
990 791 1094 854 quam
1117 789 1238 834 mores.
1273 771 1436 836 Veniunt

309 861 409 938 enim,
434 864 475 924 ut
499 861 622 943 cuique
645 859 741 936 libet,
766 860 804 922 in
820 854 1122 937 contemtionemd,
1147 859 1242 942 leges
1265 881 1327 943 pro
1344 861 1435 924 arbi-

307 951 374 1013 trio
398 970 460 1013 suo
483 949 636 1025 ferunt0,
668 949 820 1012 induunt
844 947 910 1012 sibi
933 949 1051 1012 fictam
1075 941 1139 1013 def
1166 947 1339 1031 grabitate
1363 950 1435 1012 hae

308 1039 461 1122 pudoreg
491 1057 686 1123 personam;
719 1029 826 1102 adeoh
857 1042 898 1100 ut
925 1037 971 1100 sit
994 1029 1085 1101 illis¹¹
1117 1037 1172 1101 lex
1200 1037 1348 1121 publiea,
1381 1039 1434 1100 in-

308 1129 470 1192 honestas
494 1128 637 1210 privata,
663 1126 778 1209 sieque
802 1126 951 1190 obtentu
972 1125 1088 1209 legum
1105 1127 1278 1189 contraria
1294 1127 1434 1209 legibus

308 1217 522 1300 adoperiunt,
555 1217 614 1298 qui
636 1216 752 1298 vigore
782 1215 869 1298 legis
893 1208 1011 1278 obvia¹
1043 1215 1178 1298 legibus
1202 1215 1348 1280 evellere
1373 1217 1433 1280 de-

307 1305 468 1369 buerunt.

598 1463 648 1527 II.
665 1462 879 1527 TITULUS:
904 1463 967 1526 DE
991 1461 1124 1528 LEGE.

399 1572 451 1635 I.a
468 1570 559 1650 Quid
590 1570 786 1635 observabit
809 1569 989 1654 legislator
1011 1571 1048 1633 in
1071 1569 1206 1653 legibus
1230 1572 1430 1635 suadendis.

380 1661 429 1724 Π.
467 1659 558 1738 Quid
583 1661 628 1723 sit
651 1659 716 1724 lex.

360 1749 430 1813 ΠΙ.
467 1748 559 1827 Quid
583 1748 656 1831 agit
679 1747 745 1812 lex.

340 1838 431 1901 ΙΙΠ.
468 1836 588 1915 Qualis
612 1837 678 1901 erit
701 1836 766 1901 lex.

389 1927 429 1989 V.
466 1925 581 2004 Quare
604 1926 644 1988 fit
667 1925 734 1990 lex.

369 2015 430 2079 VI.
467 2013 569 2092 Quod
590 2015 784 2098 triumphet
808 2015 850 2078 de
874 2013 1032 2079 hostibus
1055 2013 1122 2078 lex.

362 2175 390 2237 I.
427 2173 539 2252 Quid
569 2174 824 2239 observabit
854 2173 1093 2258 legislator
1122 2175 1166 2238 in
1196 2174 1369 2258 legibus

740 2263 987 2327 suadendis.
1063 2339 1064 2346 ἵ

413 2370 505 2434 item
535 2371 572 2432 in
602 2369 808 2435 suadendisa
836 2369 971 2452 legibus
1002 2370 1068 2434 erit
1095 2363 1218 2453 plenab
1248 2390 1350 2434 causa
1378 2371 1427 2434 di-

307 2460 415 2536 cendi,
433 2480 504 2523 non
519 2464 560 2522 ut
575 2462 728 2543 partem⁰
742 2459 906 2522 orationis
918 2453 1132 2522 meditandi‘1
1142 2459 1301 2523 rideatur
1312 2461 1428 2542 gratia

307 2549 472 2625 obtinere,
490 2549 550 2612 sed
566 2549 800 2612 desideratum
815 2547 1038 2631 perfeetionis
1054 2548 1245 2612 obtinuisse
1261 2547 1426 2612 laborem.

307 2637 350 2700 Iu
375 2657 492 2700 earum
512 2657 662 2719 namque
677 2635 943 2699 formationibus
966 2657 1037 2699 non
1061 2637 1292 2720 sophismatae
1314 2638 1427 2721 dispu-

305 2726 462 2803 tationis,
498 2727 559 2790 sed
593 2727 758 2789 virtutem
792 2725 875 2788 iuris
909 2724 1043 2788 mavult
1077 2745 1179 2788 eausa
1209 2726 1424 2789 discriminis.

307 2813 471 2893 Queritur
494 2815 586 2878 enim
609 2807 704 2877 illios
722 2835 803 2891 non,
828 2814 911 2896 quid
934 2814 1111 2878 eontentio
1131 2815 1233 2892 dieat,
1258 2815 1320 2878 sed
1342 2816 1426 2896 quid

307 2905 396 2967 aetio
427 2907 571 2988 promat,
603 2904 684 2986 quia
714 2906 749 2966 et
780 2923 936 2967 excessus
964 2923 1098 2966 morum
1125 2924 1196 2967 non
1221 2904 1424 2968 coercendig

305 2996 386 3055 sunt
411 2996 557 3057 cuturno
580 2992 805 3068 locutionum,
837 2993 897 3056 sed
923 2985 1218 3075 temperamentoh
1245 2992 1425 3056 virtutum.

670 3151 720 3213 Π.
756 3149 868 3230 Quid
891 3151 949 3214 sit
973 3151 1051 3215 lex.

410 3259 503 3322 Lex²
524 3262 576 3322 est
592 3256 707 3321 emula
723 3258 924 3334 divinitatis,
950 3257 1116 3322 antestis²
1134 3257 1321 3340 religionis,
1345 3258 1425 3322 fons

305 3346 573 3430 disciplinarum,
606 3346 732 3410 artifex
755 3347 848 3424 iuris,
880 3339 987 3410 bonib
1021 3367 1132 3411 mores
1162 3347 1341 3412 inveniens
1369 3348 1425 3410 ad-

304 3455 370 3517 que
395 3455 600 3518 oonponens,
632 3434 906 3517 gubernaculum
937 3435 1096 3512 civitatis,
1128 3435 1260 3500 iustitie
1288 3437 1423 3512 nuntia,

303 3525 469 3606 magistra
492 3524 571 3601 vite,
597 3525 712 3587 anima
734 3525 842 3588 totius
867 3524 1016 3607 eorporis
1039 3523 1226 3608 popularis.

628 3665 698 3728 III.
735 3663 846 3744 Quid
870 3666 988 3748 agita
1015 3665 1094 3730 lex.

410 3772 482 3836 Lex
496 3771 587 3855 regit
603 3791 737 3836 omnem
756 3765 926 3836 civitatisb
943 3773 1108 3849 ordinem,
1125 3793 1263 3838 omnem
1275 3774 1424 3837 hominis

304 3864 442 3937 etatem,
467 3879 533 3942 que
557 3861 606 3924 sio
620 3860 759 3925 feminis
775 3861 878 3924 datur
901 3865 941 3924 ut
963 3861 1125 3938 maribus,
1150 3863 1331 3926 iuventute
1348 3883 1424 3926 oon-

409 4015 433 4064 b)
446 4016 479 4054 ιἰα
488 4015 541 4064 R1,·
555 4013 707 4056 consecrando
720 4015 743 4054 E
749 4016 761 4054 2
771 4019 791 4055 et
800 4027 811 4055 e
819 4026 875 4058 corr.
884 4016 905 4054 R
914 4016 938 4068 23
953 4013 1116 4056 considerando
1126 4016 1164 4054 El
1179 4020 1199 4055 et
1208 4018 1303 4065 fortasse
1313 4018 1365 4056 olim
1374 4018 1394 4056 Β
1404 4018 1424 4060 2.

303 4071 324 4118 o)
338 4067 421 4108 debeat
434 4069 483 4110 Rl.
544 4067 568 4120 d)
582 4070 713 4109 concionem
726 4070 775 4112 Rl.
830 4069 852 4118 e)
865 4070 958 4110 fixerunt
971 4070 1021 4112 Rl.
1074 4067 1229 4118 odivinitste
1242 4070 1291 4114 Μ.
1345 4074 1367 4120 g)
1382 4082 1425 4121 pu-

303 4121 420 4164 dereRl.
476 4122 500 4172 h)
513 4119 590 4162 adesit
602 4123 699 4165 nitar.
754 4123 770 4170 1)
786 4123 939 4164 obviale.
1075 4137 1079 4142 ·

409 4176 466 4217 TIT.
480 4176 510 4218 11.
550 4175 573 4227 a)
587 4177 653 4215 index
662 4177 806 4226 capitulorum
817 4177 885 4215 indici
898 4176 984 4218 tituli-Y.
994 4176 1099 4215 subiretur
1107 4177 1131 4214 in
1140 4177 1160 4216 R
1170 4178 1194 4225 1;
1208 4177 1265 4216 areu
1280 4177 1366 4220 omnino
1376 4178 1396 4216 Β
1404 4179 1424 4220 2.

410 4229 427 4270 Ι.
454 4231 476 4277 a)
490 4229 504 4271 1.
519 4229 599 4272 ΗΜ,
653 4231 676 4278 b)
689 4231 770 4279 plenus
784 4231 831 4268 121.
886 4230 1046 4279 e)parteR1.
1101 4228 1255 4278 (imeretur.
1310 4231 1424 4280 attan,-

302 4281 416 4322 soflrmata
430 4281 481 4332 1223
497 4287 550 4322 sunt
563 4283 651 4322 firmata
665 4284 714 4325 121.
762 4282 840 4333 Oillio
854 4283 904 4326 121.
951 4285 973 4332 g)
988 4281 1096 4323 cernendi
1110 4284 1157 4328 Ra.
1204 4285 1228 4334 h)
1242 4285 1316 4333 itaE;
1329 4285 1354 4325 in
1369 4288 1424 4326 tem·

302 4340 458 4386 paramentum
471 4337 526 4387 1³13
542 4340 667 4386 temperare
682 4338 703 4375 R
712 4337 732 4385 ὓ,
748 4337 785 4374 ubi
798 4337 909 4375 virtutum
922 4337 986 4379 dmi.

388 4389 440 4481 EI2I.
473 4392 495 4439 a)
508 4391 592 4430 Rerum
606 4391 702 4430 emmula
717 4388 819 4429 divitatis
833 4390 883 4439 ΕΙ,
903 4391 941 4428 ubi
953 4389 1048 4430 antestis
1063 4390 1127 4434 deest.
1194 4389 1217 4439 b)
1231 4391 1263 4430 ita
1276 4391 1326 4434 121.
1335 4391 1354 4434 2.
1368 4392 1424 4440 Eli

302 4444 373 4483 bonos
430 4474 436 4485 .

409 4496 451 4539 ΙΙΙ.
478 4499 500 4546 a)
514 4497 544 4538 sit
557 4497 606 4540 121.
660 4497 683 4544 b)
698 4495 814 4536 civitatem
828 4496 877 4539 Rl.
