3218 5202
307 543 343 596 82
504 536 581 592 LEX
599 536 713 592 Vlsls.
732 537 1004 595 REOOESSVIND.
1042 537 1080 605 II,
1100 540 1125 605 5,
1144 539 1240 594 9-11.

308 725 431 786 nentes
460 739 525 786 nec
554 721 793 785 testimonium
822 720 965 784 reddere
995 738 1068 795 nec,
1100 720 1156 783 sig
1188 713 1312 802 quarnh
1339 721 1432 784 forte

308 809 536 874 volumtatem
560 809 741 885 ediderint,
772 801 924 873 nullam¹
955 801 1109 932 poteritk
1142 808 1343 873 firmitatem
1374 810 1432 872 ha·

308 899 399 963 bere.
451 897 542 961 Nam
570 891 646 980 qni¹
676 917 737 982 per
764 895 949 962 intervalla
995 900 1191 980 temporum
1213 897 1270 960 vel
1292 918 1432 961 orarum

308 987 487 1050 salutemm
510 986 672 1050 videntur
699 987 849 1070 recipere
880 989 916 1050 et
945 986 1083 1067 integra
1111 985 1289 1049 interdum
1315 989 1432 1050 mente

308 1076 503 1160 persistere,
542 1075 583 1139 de
614 1074 683 1138 suis
713 1073 815 1139 rebus
849 1074 941 1138 ferre
976 1074 1142 1137 iudicium
1177 1073 1325 1157 proiberi
1360 1095 1432 1138 non

308 1166 512 1248 poteruntfl.

415 1297 451 1353 X.
485 1295 653 1352 FLAVIUS
673 1295 886 1352 GLORIOSUS
906 1295 1216 1353 REGOESSVINDUS
1234 1296 1322 1353 REX.

310 1391 515 1471 Qualiter
545 1391 712 1456 confici
744 1391 813 1456 vel
847 1391 1021 1455 firmari
1056 1392 1292 1455 conveniat
1326 1391 1431 1455 ulti·

564 1501 651 1544 mas
681 1480 868 1543 omnium
895 1480 1174 1543 volumtates.

416 1587 660 1651 Morientium⁸
688 1589 840 1651 extrema
862 1585 1044 1662 volumtas,
1076 1585 1147 1650 sive
1171 1586 1217 1649 sit
1240 1587 1371 1650 autoris
1395 1589 1433 1650 et

308 1676 452 1740 testium
467 1695 572 1739 manu
589 1675 766 1758 suscripta,
784 1675 855 1738 sive
871 1667 1115 1757 utrarumqueb
1131 1675 1283 1757 partium
1298 1674 1427 1756 signis⁰

310 1764 463 1828 extiterit
485 1762 655 1840 roborata,
681 1764 750 1827 sive
773 1763 979 1826 tantumodo
995 1762 1107 1826 verbis
1131 1783 1245 1826 coram
1261 1763 1433 1847 probatio·
1464 1793 1495 1827 a.

309 1873 389 1917 nem
418 1853 569 1936 patuerit
596 1851 825 1936 promulgata,
854 1852 948 1915 omni
971 1852 1169 1935 perenniter
1191 1846 1328 1915 valerecl
1353 1851 1434 1915 sub·

310 1942 419 2005 sistat.
458 1939 499 2003 Id
515 1943 653 2003 tantum
669 1943 852 2022 magnum³
873 1959 974 2023 opere
998 1932 1273 2023 procurandumf
1293 1943 1354 2016 est,
1379 1943 1434 2018 ut,

309 2029 428 2112 quodg
449 2029 601 2093 instante
618 2020 852 2111 quocumque¹1
872 2027 1025 2111 periculo
1042 2028 1211 2091 conscribi
1226 2028 1433 2111 nequiverit,
1468 2060 1497 2093 a.

309 2118 403 2182 infra
433 2136 491 2180 sex
520 2110 706 2181 mensium¹
739 2116 889 2200 spatium
920 2117 979 2198 qui
1008 2117 1073 2179 hoo
1105 2116 1278 2180 audierint
1308 2110 1432 2180 suamk
1467 2148 1498 2185 a.

310 2225 424 2269 coram
454 2206 567 2270 iudice
597 2199 827 2269 iurationemk
860 2204 1063 2269 confirment
1094 2205 1314 2287 eiusdemque
1343 2205 1435 2268 iura-

309 2295 418 2358 menti
446 2295 683 2358 condicionem
709 2297 783 2357 tam
810 2313 907 2356 suam
934 2313 1038 2376 quam
1060 2293 1203 2356 testium
1226 2314 1331 2356 manu
1353 2314 1435 2357 con·

308 2383 482 2446 roborent.
528 2381 689 2465 Dumque
712 2383 777 2446 hec
799 2402 853 2446 res
877 2381 1018 2465 plenum
1038 2382 1172 2445 venerit
1195 2382 1232 2444 in
1256 2381 1433 2459 effectum,

309 2490 371 2555 pro
401 2471 552 2535 instania
581 2471 633 2534 sui
661 2469 788 2534 labon's
816 2470 909 2534 idem
935 2472 1042 2534 testes
1073 2489 1114 2533 ex
1144 2469 1302 2534 defuncti
1331 2469 1434 2534 bonis

308 2560 511 2624 trecensime
546 2559 696 2643 pretium
730 2559 897 2642 portionis
933 2561 1185 2642 prosequantur
1218 2559 1255 2621 in
1287 2553 1426 2622 solidisl

309 2649 551 2712 tantummodo
581 2647 729 2711 nummis
737 2653 771 2724 ¹¹¹,
803 2651 976 2711 cartarum
1006 2648 1231 2710 strumentisn
1265 2651 1301 2711 et
1330 2646 1436 2711 libro-

309 2757 386 2799 rum
401 2736 634 2801 voluminibus
650 2736 881 2818 sequestratis,
906 2755 972 2818 que
988 2736 1212 2819 pertinebunt
1228 2736 1272 2798 ad
1288 2735 1435 2800 heredes

309 2826 511 2908 integritate
532 2825 765 2889 successionis.
801 2823 869 2901 Qui
888 2827 995 2888 testes
1015 2825 1110 2887 infra
1128 2844 1188 2888 sex
1207 2844 1340 2888 menses
1357 2844 1436 2908 pro·

310 2918 432 2978 curent
454 2913 509 2976 1111
529 2913 744 2989 denuntiare,
768 2913 806 2976 in
826 2913 922 2976 cuius
946 2913 1085 2976 nomine
1108 2933 1169 2996 per
1191 2913 1300 2977 talem
1319 2913 1436 2975 hordi-

309 3003 486 3066 nationem
523 3022 577 3066 res
611 3001 783 3065 translata
821 3001 1011 3064 dinoscitur
1045 3002 1210 3065 extitisse.
1268 3000 1367 3079 Quod
1403 3002 1437 3064 si

310 3095 466 3154 omnem⁰
499 3090 586 3173 legis
620 3090 724 3153 huius
756 3090 934 3154 decretum
961 3093 1067 3153 testes
1097 3089 1165 3166 illi,
1202 3089 1326 3172 quibus
1356 3109 1436 3152 oon-

310 3179 452 3243 missum
482 3181 548 3256 est,
584 3178 677 3242 infra
711 3179 940 3242 constitutum
974 3181 1111 3262 tempus
1146 3178 1345 3242 distulerint
1376 3177 1436 3241 ad-

310 3267 453 3351 inplere,
478 3267 637 3330 noverint
660 3287 695 3330 se
718 3266 940 3330 falsariorum
963 3267 1088 3330 damno
1112 3265 1263 3330 multari.
1471 3299 1503 3338 a.

524 3417 575 3475 XI.
606 3418 773 3475 FLAVIUS
792 3417 1105 3475 OHINDASVINDUS
1124 3418 1212 3474 REX.

312 3511 518 3591 Qualiter
540 3513 779 3578 firmentur
801 3514 1071 3578 volumtates
1095 3511 1256 3591 eorum,
1288 3513 1360 3596 qui
1388 3513 1436 3576 in

632 3602 797 3666 itinere
825 3603 1111 3665 moriuntur⁸.

420 3700 484 3770 Inb
512 3707 657 3772 itinere⁸
689 3728 833 3792 pergens
864 3712 927 3772 aut
955 3710 993 3771 in
1023 3708 1240 3792 expeditione
1271 3707 1436 3792 publica1

313 3797 475 3874 moriens,
512 3797 542 3860 si
575 3797 743 3880 ingenuos
778 3817 894 3861 secum
928 3818 998 3860 non
1028 3797 1169 3874 habeat,
1204 3794 1435 3860 volumtatem

419 3951 552 3998 mutelli.
613 3949 756 4001 mquam.
817 3952 833 4000 i)
847 3951 916 3990 ullam
930 3951 977 3994 Ra.
1039 3951 1237 4002 numerurm.
1303 3951 1320 4002 1)
1333 3961 1377 3998 quc
1391 3961 1435 3999 per

313 4002 433 4043 lntervalle
447 4004 493 4046 Bl.
548 4006 578 4051 m)
592 4004 665 4043 salute
679 4005 725 4046 Rl.
779 4006 803 4051 n)
817 4009 940 4053 potuerunt
953 4005 999 4045 Rl.

419 4057 446 4098 x.
486 4059 509 4103 s)
523 4057 639 4097 Morientis
653 4057 699 4099 Rl.
769 4057 792 4104 b)
808 4062 929 4106 utrumque
942 4058 994 4107 Bl;
1016 4061 1163 4106 utrorumque
1177 4058 1225 4099 122.
1292 4055 1314 4107 o)
1326 4060 1367 4095 aut
1379 4057 1435 4096 sub-

313 4109 481 4158 scriptionibus,
497 4121 552 4158 quac
567 4110 617 4150 odd.
628 4110 660 4152 ed.
670 4110 744 4159 Matr,
758 4110 801 4152 des.
811 4111 860 4152 132.
873 4110 942 4152 1112
956 4114 982 4159 ct,
997 4115 1020 4148 ut
1035 4111 1127 4159 videtur,
1142 4112 1208 4148 ctiam
1221 4110 1268 4152 121.
1310 4107 1332 4157 d)
1346 4110 1378 4146 ssa
1388 4121 1434 4158 pro

313 4162 391 4202 valore
405 4163 480 4204 1112.
522 4164 542 4209 e)
556 4173 636 4212 magno
650 4174 718 4211 opere
732 4164 781 4206 112,
828 4164 994 4212 Ορτοοητειιιτ
1004 4174 1048 4212 pro
1062 4174 1122 4212 proc.
1137 4165 1232 4205 estRl.
1279 4165 1301 4212 g)
1315 4163 1371 4202 deest
1385 4163 1433 4204 131.

314 4216 337 4263 h)
351 4214 508 4264 quodcumque
523 4217 568 4258 Rl.
609 4216 625 4263 1)
639 4216 815 4258 ωθηιιιιιιηΜ,
855 4215 1146 4267 nsua-iurationem.
1186 4212 1363 4267 quamam
1378 4216 1433 4255 solis

313 4270 429 4311 cettcoold.
471 4269 656 4320 m)numhlsR1.
700 4271 724 4317 n)
733 4270 825 4320 ltaR13
840 4269 1048 4309 instrumentum
1063 4281 1109 4308 cum
1119 4273 1165 4312 cett.
1174 4270 1235 4312 codd.
1276 4269 1433 4318 omnem.

420 4322 459 4364 XI.
499 4321 522 4373 a)
536 4323 668 4365 moriuntur.
689 4323 716 4361 In
731 4322 813 4362 itinero
827 4323 870 4365 des.
884 4323 931 4365 Rl.
984 4323 1008 4370 b)
1022 4323 1066 4370 Qut
1080 4323 1104 4362 in
1118 4323 1133 4364 i.
1147 4323 1195 4364 Rs.

315 4427 341 4488 1)
358 4427 433 4479 Satis
450 4434 553 4480 coenat
570 4427 633 4479 baec
650 4444 683 4480 aa
701 4429 761 4479 iare
778 4428 899 4480 Rornano
921 4435 1027 4496 sumptu
1051 4445 1121 4492 esec,
1145 4431 1235 4481 minus
1259 4435 1355 4494 suern,
1382 4445 1434 4496 quo

313 4514 347 4550 cx
364 4500 436 4563 fonte
454 4499 576 4551 macerit
595 4498 818 4552 Ctindaeoiadus.
