3264 5206
399 535 478 592 LEX
495 536 610 594 visis.
630 536 898 594 REOOESSVIND.
935 537 970 606 V,
990 542 1015 607 5,
1034 541 1059 594 3.
1078 542 1104 595 4.
1258 542 1308 596 161

186 721 369 798 vindende,
394 721 431 784 id
455 721 484 784 si
507 721 657 804 perierit,
681 720 736 785 vel
759 721 797 783 in
817 721 918 785 domo
941 721 1057 805 ipsius,
1082 721 1142 803 qui
1165 722 1308 806 accepit,

189 829 267 874 cum
293 809 396 874 rebus
425 809 498 874 eius
521 809 628 874 fuerit
651 809 811 874 incendio
835 813 1099 886 concrematum,
1130 830 1201 878 una
1231 831 1309 874 cum

187 897 336 963 testibus
351 897 469 962 veniat
492 900 528 962 et
551 897 689 964 brevem
707 898 766 962 det
786 897 856 975 ille,
881 898 941 980 qui
957 898 1186 962 conmendata
1202 919 1310 964 susee-

188 989 296 1072 perat,
321 989 357 1050 et
379 989 548 1071 preveat*
575 989 836 1064 sacramentum,
865 987 958 1069 quod
980 986 1069 1050 nihil
1093 987 1215 1053 exinde
1240 988 1309 1052 suis

188 1075 374 1159 profuisset
398 1074 608 1160 conpendiis,
638 1077 673 1138 et
695 1074 785 1138 nihil
809 1077 952 1159 cogatur
975 1074 1141 1152 exolvere,
1166 1079 1308 1160 excepto

188 1185 310 1228 aurum
334 1167 370 1228 et
393 1167 586 1246 argentum,
611 1163 703 1247 quod
727 1163 847 1227 ardere
869 1183 939 1244 non
954 1163 1079 1247 potnit.
1115 1163 1161 1227 Et
1177 1165 1206 1228 si
1222 1165 1307 1248 quis,

188 1253 271 1317 dum
294 1252 434 1316 domum
457 1251 595 1316 flamma
618 1251 799 1329 consumit,
829 1272 865 1317 se
889 1252 989 1334 quasi
1010 1251 1177 1320 auxilium
1200 1250 1308 1337 prebi-

186 1345 287 1404 turus
325 1341 506 1425 ingesserit
545 1343 581 1405 et
603 1333 772 1424 ¹aliquidb
810 1339 902 1404 forte
940 1341 1109 1425 rapuerit,
1149 1341 1309 1406 dominus

187 1429 309 1493 domus
339 1429 525 1513 diligenter
553 1429 716 1512 inquirat,
747 1431 783 1494 et
806 1429 835 1494 si
858 1448 938 1494 eum
959 1429 1113 1494 invenire
1143 1431 1306 1515 potuerit,

185 1517 256 1596 ille,
281 1518 341 1600 qui
363 1518 526 1602 rapuerit,
551 1518 589 1581 in
604 1516 837 1602 quadruplum
851 1520 953 1602 rapta
970 1518 1164 1582 restituatl.
1209 1517 1256 1582 iis
1280 1519 1308 1581 si

187 1606 230 1671 de
261 1607 497 1671 conmendatis
531 1605 634 1672 rebus
667 1609 753 1691 aput
783 1609 1016 1690 susceptorem
1051 1606 1183 1690 aliquid
1216 1607 1307 1672 forte

185 1695 387 1779 reppererit,
412 1695 550 1759 domino
574 1695 757 1761 restituere
780 1715 851 1759 non
868 1698 1031 1760 moretur.
1078 1694 1116 1759 si
1140 1716 1307 1777 veroque

186 1783 416 1848 conmendata
438 1783 579 1849 fuerant
601 1784 697 1848 furto
720 1782 907 1869 probatur⁰
931 1783 1058 1860 ablata,
1083 1783 1124 1861 ei,
1149 1783 1209 1866 qui
1232 1805 1308 1848 con·

185 1873 350 1938 mcndata
379 1875 587 1956 susceperat,
616 1872 768 1956 spatium
795 1871 981 1949 tribuatur,
1011 1875 1052 1936 ut
1081 1867 1175 1936 ordo'
1196 1872 1305 1949 docet,

186 1962 295 2025 donec
318 1961 433 2025 iurem
455 1955 539 2025 sua<l
564 1961 831 2044 investigatione
859 1961 1046 2044 perquirat.
1092 1959 1139 2024 Et
1169 1961 1198 2024 si
1228 1981 1307 2025 eum

184 2049 365 2126 invenerit
396 2049 657 2114 conmendatori
686 2069 743 2124 res
770 2068 849 2114 suas
878 2048 1035 2135 proprias
1063 2050 1306 2114 tantummodo

183 2137 372 2217 reformare
405 2142 564 2222 cogatur,
600 2138 902 2222 conpositionem
931 2137 1019 2202 furti
1048 2137 1094 2206 ad
1123 2157 1216 2214 eum,
1248 2138 1307 2220 qui
1356 2165 1365 2174 ·

185 2226 311 2291 habuit
333 2227 571 2306 conmendata,
601 2227 784 2311 pertineat.
832 2225 943 2304 Oerte,
974 2226 1004 2289 si
1025 2226 1085 2290 fur
1107 2246 1177 2290 non
1199 2226 1306 2290 fuerit

184 2315 278 2379 infra
291 2316 496 2379 istatutume
509 2318 647 2399 tempus
657 2315 828 2392 inventus,
846 2313 1012 2380 medietas
1023 2334 1138 2379 rerum
1150 2335 1306 2379 conmen-

186 2404 346 2468 daturum
374 2405 512 2468 domino
536 2397 578 2468 af
605 2403 812 2489 suscipiente
841 2403 1017 2481 reddatur,
1047 2406 1116 2466 ut⁸
1142 2403 1306 2467 damnum

186 2513 227 2557 ex
257 2492 370 2566 medio
392 2485 556 2575 utriqueh
582 2492 786 2578 sustineant.
833 2491 879 2554 lit
902 2492 931 2556 si
954 2492 1174 2576 postmodum
1201 2492 1305 2556 domi-

184 2601 250 2645 nus
272 2601 388 2646 rerum
417 2585 503 2666 aput
533 2601 621 2659 eum,
653 2581 710 2644 cui
738 2581 1037 2657 conmendaverat,
1068 2600 1134 2662 que
1164 2580 1305 2644 fuerant

185 2670 367 2754 subpressa
389 2669 481 2734 forte
503 2669 704 2754 reppererit,
729 2689 807 2732 eum
825 2669 894 2740 ,heo
917 2668 978 2732 ille
1001 2689 1038 2733 se
1061 2669 1156 2752 prius
1180 2669 1305 2732 dixerit

185 2759 373 2842 perdidisse
396 2757 452 2823 vel
481 2751 594 2822 iurto¹
624 2758 732 2822 fuisse
762 2756 909 2834 sublata,
941 2757 1031 2821 sicut
1060 2757 1118 2820 fur
1147 2777 1209 2841 pro
1238 2756 1303 2832 his,

184 2866 251 2930 que
274 2846 411 2925 celabit,
443 2847 633 2912 secundum
661 2845 780 2930 legum
801 2848 940 2918 ,statuta
963 2845 1234 2930 conpositionem
1256 2845 1304 2908 in-

184 2934 279 3020 plere
304 2938 457 3020 cogatur.
711 2997 713 3002 .

600 3033 671 3090 nu.
701 3032 886 3103 ANTIQUA.

311 3146 373 3212 De
400 3147 588 3231 pecunia
614 3147 792 3232 perdita
821 3139 864 3210 et
893 3145 1039 3210 usuris
1070 3145 1173 3210 eius.

291 3253 426 3337 Siquis
449 3254 631 3338 pecuniam
650 3252 714 3318 sub
731 3253 912 3318 cautionea
935 3252 1133 3336 susceperit,
1158 3251 1302 3315 daturus

182 3362 313 3419 usuras,
338 3342 367 3406 si
390 3362 451 3426 per
474 3335 580 3407 casub
600 3342 748 3426 pecunia
769 3341 921 3426 perierit,
945 3361 1016 3405 non
1039 3340 1141 3425 culpa
1164 3343 1226 3404 aut
1247 3361 1302 3404 ne-

182 3430 359 3515 glegentia
374 3430 550 3508 debitoris,
566 3430 714 3513 ille‚·qui
728 3430 910 3514 pecuniam
926 3429 1178 3506 conmendavit,
1195 3428 1303 3493 solam

181 3519 327 3604 pecunie
347 3539 530 3594 ,summam
559 3519 705 3604 recipiat
735 3523 771 3584 et
799 3540 870 3583 non
898 3519 1052 3602 requirat
1081 3537 1213 3582 usuras.
1266 3517 1303 3582 Si

181 3628 263 3672 vero
285 3612 367 3692 per⁰
394 3609 502 3692 ipsius
525 3608 649 3672 fraude
672 3606 728 3673 vel
752 3602 876 3691 culpad
901 3608 1035 3671 factum
1059 3609 1120 3685 est,
1146 3609 1181 3670 et
1204 3627 1302 3690 pecu-

181 3697 276 3760 niam
305 3699 343 3776 et
367 3717 488 3771 usuras
513 3696 642 3774 ,soluat
685 3695 786 3776 Quod
809 3696 838 3759 si
861 3695 978 3778 aliqua
1001 3694 1099 3759 lucra
1122 3698 1174 3760 est
1198 3715 1240 3759 ex
1262 3715 1303 3759 ea

181 3785 330 3868 pecunia
353 3787 567 3862 consecutus,
598 3788 633 3850 et
663 3785 897 3869 postmodum,
913 3783 1102 3868 contingat,
1132 3786 1175 3846 ut
1203 3803 1303 3867 pecu-

181 3873 276 3940 niam
294 3877 423 3958 pereat,
448 3874 477 3938 si
499 3877 600 3944 tanta
623 3875 705 3938 sunt
727 3872 833 3949 lucra,
857 3875 987 3956 quanta
1003 3871 1205 3956 pecuniam⁰
1221 3872 1300 3948 fuit,

182 3965 219 4026 et
241 3962 425 4046 pecuniam
447 3966 483 4027 et
505 3983 626 4029 usuras
648 3962 821 4027 restituat.

289 4115 331 4160 ΙΠ,
354 4113 393 4165 'al
407 4115 564 4166 preterini:
624 4115 649 4169 b)
662 4113 755 4166 aliquod
768 4115 814 4157 Rl.
868 4117 890 4166 c)
903 4116 936 4154 ita
950 4115 1030 4166 Μῦς
1051 4114 1176 4164 probentur
1189 4113 1209 4152 A
1223 4117 1243 4152 et
1256 4117 1302 4156 cett.

182 4167 205 4218 d)
219 4179 283 4209 cnam
296 4169 495 4219 investigationem
508 4170 562 4220 1223
577 4181 641 4210 snam
654 4169 829 4218 investigatione
843 4169 870 4212 A.
924 4170 946 4217 e)
959 4172 1068 4209 statutum
1082 4168 1131 4211 Bt.
1184 4168 1240 4214 nas
1255 4166 1302 4210 Rl.

180 4225 205 4286 p)
218 4226 243 4262 et
255 4223 302 4286 iil.
349 4223 374 4273 h)
389 4228 485 4272 uterque
499 4223 611 4264 sustineat
624 4223 677 4275 1223
692 4223 811 4270 utriusque
819 4221 948 4263 emtineant
961 4221 983 4259 ii
990 4224 1014 4274 ις
1029 4225 1125 4272 uterque
1134 4223 1266 4260 susteneant
1275 4221 1302 4263 Α.

181 4277 199 4324 ¹)
212 4276 357 4373 furumnii3
370 4277 568 4380 diffidiare
583 4305 767 4370 cincinorum.
809 4329 930 4378 orcam.
940 4329 972 4378 n,·
986 4328 1118 4373 caumas.
1159 4325 1302 4375 emmer.

182 4379 207 4433 d)
221 4381 309 4432 cuipam
322 4382 372 4427 Bi.
426 4383 447 4432 e)
461 4383 558 4432 pecnnia
571 4382 620 4425 122.
657 4387 659 4392 ’

183 4505 210 4574 1)
231 4507 261 4561 V.
279 4508 358 4572 esra
374 4506 437 4575 Vn,
457 4509 482 4573 2,
498 4508 540 4562 18.

262 4612 386 4662 navare.
400 4616 447 4656 ant
1052 4612 1085 4666 11
