3264 5206
343 503 396 557 164
496 495 574 553 Lux
592 495 707 554 VISIG.
726 495 996 554 REOORSSVIND.
1032 496 1069 564 V,
1087 497 1113 566 5,
1127 499 1174 563 103
1197 500 1222 565 6,
1241 501 1264 554 1.
1284 501 1309 554 2.

343 680 478 765 legibus
501 680 739 756 constitutum,
763 678 827 756 illi,
852 679 911 762 qui
931 679 1095 744 maiorem
1118 682 1254 764 partem
1277 681 1319 745 de
1343 683 1467 747 eodem

342 771 552 835 testamento
576 771 629 833 est
652 771 908 844 consecuturus,
937 767 1105 832 reddatur
1133 769 1264 833 heredi.
1311 768 1466 848 Quodsi

343 857 404 922 alii
432 857 608 922 redditum
638 857 747 922 fuerit
774 855 831 920 vel
860 857 1055 922 adversario
1085 856 1160 921 eius
1189 857 1373 937 traditum,
1405 860 1467 942 qni

342 946 528 1011 tradiderit
557 945 700 1030 duplum
728 944 1029 1029 compositionem⁰
1061 945 1234 1024 restituat,
1266 965 1369 1030 qnam
1399 946 1464 1025 illi,

344 1036 400 1100 oui
433 1033 678 1099 frtudulentus
715 1033 836 1111 fuerit,
876 1033 1005 1098 inferre
1039 1033 1206 1098 voluerut.
1264 1034 1349 1099 Illcs
1383 1057 1467 1100 vero

344 1124 541 1209 scripturos,
573 1141 639 1206 que
662 1121 765 1187 simul
787 1122 880 1186 trsdi
903 1120 1060 1206 pertibus
1088 1122 1226 1200 debent,
1255 1124 1285 1187 si
1302 1143 1466 1189 conmen-

344 1213 443 1277 detcs
468 1212 674 1296 quicumque
697 1211 895 1295 susceperit,
923 1211 961 1276 id
984 1214 1052 1276 est:
1075 1213 1295 1289 testamenta,
1323 1213 1465 1290 iudicis,

343 1305 455 1386 pecte,
486 1301 690 1366 donationes
719 1298 775 1364 vel
805 1302 920 1364 cetera
948 1298 1044 1377 teliu,
1078 1300 1107 1363 si
1136 1299 1239 1365 alteri
1268 1300 1379 1366 altero
1409 1302 1466 1366 sb-

343 1392 442 1455 sente
468 1388 662 1466 tradiderit,
693 1387 763 1465 ille,
794 1388 854 1471 qui
884 1387 1036 1465 dederat,
1066 1392 1205 1454 revocet
1234 1390 1326 1472 quod
1357 1390 1464 1468 dedit,

344 1481 380 1544 et
403 1478 572 1555 omnibus,
596 1471 741 1561 quibus⁸¹
766 1476 804 1540 in
827 1496 1007 1542 commune
1030 1476 1257 1557 debebstnr0,
1281 1478 1466 1544 restituere

343 1588 414 1632 non
438 1570 603 1632 moretur.
1329 1593 1331 1600 ·

400 1832 462 1897 VI.
478 1829 692 1896 TITULUS:
725 1829 788 1894 Du
811 1827 1099 1896 PIGNERIBUS
1123 1829 1181 1894 ΕΤ
1204 1829 1404 1896 DEBITIS.

439 1955 468 2020 Ι.
504 1953 558 2020 De
580 1974 651 2020 non
674 1953 899 2039 pignerando.

418 2043 468 2108 ΙΙ.
504 2042 557 2108 De
581 2044 722 2128 pignere
746 2043 902 2127 deposito
926 2047 965 2108 et'
984 2043 1111 2108 iurato.

398 2132 469 2197 III.
505 2131 558 2198 De
581 2132 732 2217 pignere,
757 2133 787 2196 si
808 2151 870 2216 pro
894 2130 1012 2197 debito
1036 2131 1240 2216 deponatur.

378 2221 469 2286 IIII.
505 2219 563 2285 gie
582 2221 707 2305 pignus
729 2213 986 2305 representctob
1011 2220 1130 2285 debito
1150 2225 1241 2284 none
1261 2221 1465 2286 reddatur0.

426 2309 468 2374 V.
504 2309 635 2374 Sinna
657 2327 802 2436 persona
824 2311 925 2374 rectu
946 2308 1003 2374 vel
1026 2309 1145 2374 debito
1167 2309 1287 2374 multis
1302 2312 1468 2375 teneatur

504 2398 652 2463 obnoxie
678 2443 687 2460 .

406 2486 468 2551 VI.
505 2485 663 2566 Qualiter
697 2485 855 2550 defuncti
894 2485 1051 2550 debitum
1089 2491 1151 2550 aut
1185 2486 1352 2552 violentis
1386 2491 1468 2572 post

504 2578 651 2640 mortem
673 2575 782 2659 possit
804 2574 942 2658 inquiri.

457 2745 481 2803 1.
511 2744 681 2801 smvrus
700 2743 915 2802 cuosuosns
932 2701 1242 2803 snoonssvmnus
1260 2745 1349 2804 nnn

666 2855 725 2922 De
748 2878 832 2922 non
855 2857 1138 2942 pignerando.
1261 2933 1265 2942 ι
1322 2937 1326 2942 Δ

451 2962 683 3049 Pignercndi¹
712 2962 888 3028 licentium
922 2963 985 3026 in⁸
1018 2962 1178 3029 omnibus
1207 2964 1465 3044 submovemus;

345 3052 499 3137 alioquin
527 3053 556 3117 si
583 3072 653 3116 non
676 3053 858 3137 occeptum
887 3053 1013 3137 pignus
1042 3053 1265 3137 presumserit
1294 3054 1467 3138 ingenuus

346 3141 388 3206 de
418 3142 493 3206 iure
523 3133 690 3206 alteriusb
724 3159 904 3225 usurpare,
941 3140 1087 3225 duplum
1121 3145 1265 3225 cogatur
1297 3142 1466 3208 exolvere.

346 3229 472 3295 Servus
499 3233 616 3296 autem
645 3229 808 3314 simplum
833 3228 999 3294 restituat
1021 3233 1058 3294 et
1081 3241 1103 3296 0
1125 3229 1265 3314 flagella
1291 3231 1466 3315 suscipiet.

763 3399 803 3458 n.
833 3398 1048 3470 Aurrqnsa.

521 3510 581 3577 De
611 3512 792 3597 pignere
823 3512 1025 3597 deposito
1056 3515 1098 3578 et
1127 3513 1289 3579 furato.

453 3617 491 3683 si
513 3618 589 3702 quis
612 3618 737 3703 pignus
760 3617 862 3683 alteri
885 3618 1083 3703 deposuerit
1110 3640 1173 3703 pro
1196 3619 1312 3704 aliquo
1336 3619 1463 3698 debito,

344 3707 608 3861 {guglalfflr‘ipse
640 3708 699 3791 qui
729 3707 941 3792 deposuerit,
972 3707 1110 3823 furatus
1138 3707 1261 3787 tuerit,
1294 3729 1356 3793 pro
1386 3708 1465 3774 iure

453 3969 474 4017 o)
489 3968 688 4018 conpensstionem
701 3967 748 4012 121.
803 3964 827 4016 d)
840 3969 897 4008 deest
910 3967 958 4012 121.
1011 3970 1033 4019 e)
1047 3965 1173 4009 dotantur
1187 3969 1236 4014 Bi.

345 4075 403 4114 dm
416 4021 559 4114 crm'VL
592 4024 614 4072 s)
628 4022 663 4062 De
677 4021 724 4065 121.
770 4020 794 4069 b)
808 4024 939 4072 presentes>
952 4021 1002 4066 ΒΞ.
1050 4024 1071 4072 o)
1084 4023 1141 4062 deest
1154 4022 1201 4066 131.
1248 4019 1272 4072 d)
1286 4021 1397 4063 obnoxius
1411 4023 1463 4074 Rs;

453 4105 471 4171 i.
512 4128 665 4177 carmel.
719 4126 895 4178 emunim.

453 4181 484 4224 11.
524 4184 547 4231 s)
560 4183 617 4222 deest
630 4181 679 4224 Μ.

348 4321 377 4392 1)
386 4323 455 4376 Anto
466 4323 536 4376 hone
548 4323 629 4390 lepem
637 4323 772 4390 permissu
783 4323 882 4375 iudicis
890 4324 1037 4390 picturare
1048 4323 1153 4377 licume
1164 4325 1267 4376 monuit
1279 4323 1317 4379 H.
1326 4323 1463 4388 Brumser,

348 4393 394 4450 ‘D.
407 4394 478 4449 ΒΘ.)
489 4394 529 4461 ΙΙ,
545 4411 575 4461 p.
587 4396 649 4460 446,
669 4411 696 4448 n.
710 4396 744 4458 9,·
762 4395 797 4458 of.
815 4410 901 4462 cupra
913 4393 952 4461 ΙΙ,
966 4395 992 4461 2,
1005 4396 1029 4461 7,
1047 4411 1076 4462 p.
1090 4395 1132 4461 63,
1153 4395 1170 4448 l.
1184 4396 1220 4449 24
1231 4411 1285 4462 sqq.
1291 4412 1303 4458 ,·
1321 4393 1354 4448 L.
1369 4395 1464 4448 Baius.

349 4467 391 4532 13,
412 4468 436 4521 1.
455 4467 488 4529 3,·
507 4465 572 4521 coll.
591 4466 646 4519 ίαν.
665 4464 1189 4532 Rom.-eorh.c.12.13(caudonzr9.
1337 4488 1341 4496 ·
