3198 5202
160 1371 228 1442 Du
268 1369 481 1442 aenens
521 1369 585 1440 ΕΤ
617 1369 841 1442 MORTUIS
882 1371 1059 1458 ADQUE
1097 1374 1279 1448 TRANS-

367 1510 580 1582 MARINIS
609 1511 1064 1586 NEGOTIATORIBUS.

334 1735 562 1844 LIBER
603 1733 1099 1846 UNDEOIMUSQ

271 1987 300 2050 Ι.
318 1987 531 2050 TITULUS:
564 1987 625 2049 DII
650 1987 847 2051 Mamers
872 1988 928 2050 III
953 1987 1161 2054 aenens.

254 2110 282 2172 I.
319 2111 371 2175 Ne
396 2111 595 2174 absentibus
619 2111 819 2194 propinquis
838 2112 1017 2176 mulierem
1032 2114 1185 2177 medicus
1201 2115 1278 2179 fleo-

317 2203 473 2263 tomarea
502 2203 686 2282 presumat.

234 2288 282 2350 II.
318 2288 371 2352 Ne
395 2289 549 2352 medicus
573 2288 730 2351 custodia
752 2291 905 2352 retentos
928 2290 1068 2354 visitare
1091 2295 1276 2374 presumat.

213 2376 282 2438 III.
321 2376 357 2438 si
384 2377 537 2440 medicus
566 2397 627 2459 pro
657 2377 851 2459 egritudine
880 2378 924 2440 ad
952 2378 1119 2461 placitum
1143 2385 1278 2463 expeta-

316 2469 385 2527 tur.

191 2552 280 2614 IIII.
318 2553 354 2616 Si
378 2554 422 2616 ad
446 2553 613 2636 placitum
637 2556 815 2636 susceptus
839 2554 1006 2617 moriatur
1029 2556 1193 2618 infirmus.

239 2641 279 2704 V.
317 2642 353 2705 si
378 2643 419 2706 de
444 2642 552 2706 oculis
576 2643 728 2706 medicus
752 2636 969 2725 ipocematab
997 2643 1111 2706 tollat.

220 2730 281 2793 VI.
318 2731 354 2794 Si
382 2753 443 2814 per
470 2731 669 2795 fleotomum
699 2732 868 2813 ingenuus
892 2731 966 2794 vel⁰
991 2752 1107 2795 servus
1131 2736 1277 2796 mortem

316 2820 481 2883 incurrat.

199 2907 281 2970 VII.
317 2908 370 2971 De
395 2909 550 2972 mercede
575 2908 745 2990 discipuli.
819 2893 821 2898 ¹

180 2995 281 3058 VIII.
317 2996 370 3060 Ne
394 2997 605 3060 indiscussus
629 2997 782 3060 medicus
806 2997 963 3060 custodia
986 2997 1181 3080 deputetur.

582 3166 605 3222 1.
636 3166 848 3236 Annrouna.

156 3278 239 3342 Ne1
263 3279 522 3343 absentibus
550 3280 810 3362 propinquis
836 3280 1059 3343 mulierem
1084 3281 1275 3344 medicus

441 3368 726 3432 fleotomare²
756 3371 986 3451 presumat.

262 3473 389 3538 Nullus
406 3475 559 3538 medicus
575 3475 648 3538 sine
664 3475 837 3557 presentia
853 3475 970 3557 patris,
993 3474 1121 3550 matris,
1146 3474 1274 3552 fratris,

157 3561 220 3624 filii
249 3566 310 3624 aut
338 3563 500 3626 avunculi
527 3563 582 3626 vel
611 3563 854 3644 cuiuscumque
884 3563 1067 3646 propinqui
1097 3563 1276 3626 mulierem

98 3682 128 3721 a.
155 3651 342 3732 ingenuam
365 3645 588 3714 fleotomareb
616 3654 801 3734 presumat.
849 3650 949 3729 Quod
977 3652 1005 3714 si
1034 3653 1097 3714 hec
1127 3671 1275 3734 presum-

157 3739 248 3816 serit,
278 3743 324 3803 X⁰
354 3740 480 3803 solidos
509 3740 709 3823 propinquis
733 3743 794 3802 aut
817 3741 941 3803 marito
965 3742 1103 3803 coactus
1128 3740 1273 3817 exolvat,

156 3828 237 3908 quia
265 3828 512 3891 difficillimum
541 3850 611 3892 non
639 3832 704 3905 est,
734 3831 775 3890 ut
801 3827 864 3891 sub
891 3829 956 3891 tali
984 3829 1161 3892 occasione
1190 3829 1275 3891 ludi·

155 3916 269 3979 brium
292 3916 467 3980 interdum
491 3918 677 3980 adcrescat.

262 4089 383 4130 LIB.XI.
425 4089 556 4135 omna.

262 4142 319 4183 TIT.
333 4142 351 4183 I.
393 4143 414 4189 a)
428 4142 574 4182 fleuotomare
588 4142 637 4183 Ra.
691 4142 714 4189 b)
729 4141 842 4190 opocisma
856 4141 905 4182 122.
960 4144 980 4189 c)
994 4142 1043 4181 sive
1057 4142 1106 4183 122.

262 4195 280 4236 Ι,
321 4195 476 4242 naseam.
531 4195 758 4242 b)fleut0machl.
813 4192 992 4244 adoneum.

157 4336 183 4402 1)
200 4337 245 4387 Ad
263 4337 310 4388 hoc
328 4343 351 4388 et
363 4343 448 4388 cetera
463 4337 545 4387 huius
557 4337 632 4387 tituli
643 4337 732 4402 capita
750 4336 784 4398 cf.
799 4334 891 4399 Dahn,
907 4335 1029 4400 ‘Kdniye’
1047 4335 1088 4386 VI
1092 4334 1111 4399 ²,
1129 4352 1157 4402 p.
1171 4336 1224 4389 278
1236 4351 1274 4402 sq.

155 4408 184 4474 2)
202 4408 385 4460 ‘remanare’
403 4408 443 4459 ccl
462 4407 632 4472 ‘fleutomare’
657 4408 676 4460 i.
699 4423 722 4472 q.
743 4406 926 4470 ‘flebotomare’
945 4406 985 4457 vel
1004 4406 1224 4472 ‘phlebotomare’‚
1251 4412 1276 4458 et

155 4479 281 4530 similiter
299 4481 378 4544 infra
396 4495 416 4532 c.
430 4481 455 4532 6.
477 4478 629 4542 ‘flectemus'
647 4483 671 4528 et
691 4476 839 4541 ‘fleotomia’
857 4477 1031 4541 intelliyenda
1049 4483 1119 4531 arnt.

1009 4582 1059 4636 19*
