3264 5206
304 508 357 562 1⁷4
493 501 571 557 LEX
590 501 705 558 visio.
723 500 991 556 anccassvirin.
1029 501 1064 570 V,
1085 506 1109 570 7,
1130 505 1171 558 17.
1186 504 1228 559 18.

305 687 405 764 enim,
430 707 451 749 a
467 685 613 750 dominis
637 685 708 748 suis
724 684 886 749 libertate
902 687 1073 808 percepta,
1097 685 1329 767 generationis
1350 706 1423 768 pro·

304 775 423 858 genie⁰
452 775 670 850 decurrente,
701 774 897 838 adtemtant
945 767 1027 836 aut‘
1053 773 1120 857 ipsi
1149 777 1210 836 aut
1240 774 1423 858 posteritas

305 885 422 928 eorum
446 884 524 927 cum
548 863 710 947 progenie
733 862 950 926 dominorum
973 861 1028 926 vel
1052 862 1242 926 indecensg
1261 862 1422 947 copulare

305 947 503 1036 coniugium
526 950 582 1015 vel
605 949 779 1016 molestias
802 951 930 1015 inferre
961 951 1158 1034 posteritati
1180 952 1422 1015 manumitten-

304 1041 403 1103 tium.
456 1032 605 1123 Sicquch
638 1039 675 1102 in
705 1041 886 1104 adversum
920 1041 1018 1123 parte
1053 1059 1229 1117 conversa,
1264 1041 1346 1122 quia
1373 1040 1424 1102 in·

305 1122 440 1213 genita¹
471 1128 613 1193 libertas
643 1128 753 1212 gratie
784 1128 874 1192 dono
904 1128 945 1191 fit
973 1127 1114 1205 nobilis,
1150 1128 1228 1192 ideo
1257 1147 1423 1211 generosa

304 1217 469 1282 nobilitas
492 1216 647 1281 inferiori
670 1211 795 1281 tactuk
821 1217 862 1279 fit
884 1216 1011 1300 turpis;
1044 1217 1155 1301 adque
1179 1216 1259 1280 inde
1284 1216 1423 1285 claritas

305 1306 439 1389 generis
463 1306 628 1370 sordescit
652 1297 899 1370 conmixtione¹
927 1304 1061 1369 abiecte
1085 1305 1301 1382 conditionis,
1330 1307 1422 1370 unde

306 1394 466 1459 abdicata
489 1395 634 1459 servitus
658 1394 829 1458 adtollitm
851 1393 974 1457 titulos
997 1393 1180 1459 libertatis.
1214 1394 1264 1458 Ut
1283 1414 1363 1479 ergo
1387 1396 1423 1458 et

305 1486 429 1547 nature
459 1482 621 1568 splendor
650 1485 772 1547 hortus
802 1483 856 1545 sui
886 1482 1094 1566 dignitatem
1125 1502 1195 1546 non
1226 1486 1355 1559 careat,
1388 1486 1423 1548 et

305 1573 482 1636 servitusm
512 1571 674 1636 sibimetn
707 1571 930 1636 reminiscens
964 1571 1121 1636 indebita
1155 1574 1190 1635 et
1224 1572 1424 1636 inconcessa
1513 1621 1515 1624 .

304 1681 375 1724 non
399 1662 575 1745 adpetat0,
606 1660 694 1726 bene
717 1660 866 1736 iubetur,
891 1662 940 1736 ut,
965 1660 994 1723 si
1017 1659 1251 1742 quorumlibet
1272 1660 1423 1742 quicum·

305 1769 371 1833 que
394 1748 579 1825 libertusl',
604 1750 674 1812 sive
698 1770 740 1813 ex
755 1770 873 1838 eorum
889 1748 995 1832 stirpe
1011 1749 1216 1832 quandoque
1239 1749 1421 1832 progeniti,

306 1857 347 1900 ex
369 1858 494 1922 genere
517 1833 804 1902 manumissorum
821 1838 877 1901 vel
901 1858 942 1901 ex
964 1837 1019 1900 his
1042 1837 1245 1901 decurrente
1268 1838 1423 1920 quamvis

305 1925 410 2009 longa
434 1926 597 2010 progenie
621 1925 816 2009 coniugium
842 1926 1089 2009 presumserint
1111 1926 1332 2004 adtemtare1,
1362 1931 1424 1989 aut

305 2015 568 2079 manumissores
602 2014 658 2078 vel
692 2035 811 2079 eorum
844 2015 1083 2098 posteritatem
1116 2015 1182 2098 ipsi
1215 2014 1271 2079 vel
1306 2036 1424 2079 eorum

305 2103 479 2187 prosapies
514 2106 611 2167 extra
643 2103 760 2167 iusta(l
797 2103 939 2188 negotia
977 2123 1039 2167 sua
1076 2106 1217 2187 propter
1255 2123 1334 2167 suas
1368 2103 1424 2167 vel

306 2194 446 2275 propter
473 2191 619 2256 aliorum
648 2191 800 2257 actiones
824 2191 1088 2256 convexaverint
1115 2195 1176 2254 aut
1199 2192 1341 2256 leserint
1364 2192 1424 2255 eis·

306 2285 397 2362 quer
433 2280 607 2344 molestias
642 2281 712 2344 sive
747 2282 873 2345 damna
908 2281 1166 2345 concusserint⁸
1201 2280 1257 2345 vel
1292 2280 1424 2364 aliquid

306 2368 468 2432 adversus
491 2389 548 2433 cos
570 2368 723 2433 factione
746 2389 960 2452 quacumque
984 2370 1093 2452 egisse
1115 2369 1181 2432 visi
1207 2368 1355 2433 fuerint:
1386 2369 1424 2432 in

306 2477 433 2534 eorum,
464 2477 549 2540 quos
575 2457 844 2534 molestaverint,
873 2458 1026 2522 evidenti
1049 2457 1250 2522 servitutem
1273 2478 1352 2522 mox
1374 2478 1422 2521 re·

306 2546 421 2609 deant.
468 2545 558 2625 Quia
580 2547 724 2630 impium
752 2547 834 2610 satis
863 2549 924 2622 est,
953 2549 1003 2623 ut,
1033 2547 1116 2610 dum
1144 2546 1300 2611 condicio
1323 2545 1423 2610 servi·

303 2635 390 2698 tutis
411 2631 634 2712 absolviturl,
660 2635 811 2718 dignitas
831 2633 1002 2700 libertatis
1022 2634 1258 2719 inpediatur-¹¹,
1284 2638 1319 2699 et
1340 2636 1423 2698 dum

304 2743 419 2787 servus
450 2723 603 2807 erigitur,
634 2723 726 2787 filius
757 2723 946 2800 abdicetur,
980 2722 1091 2807 adque
1121 2724 1201 2788 inde
1231 2723 1296 2786 filii
1325 2724 1423 2787 susti·

304 2815 410 2875 neant
427 2813 561 2890 damna,
583 2812 675 2876 unde
692 2812 737 2876 ad
752 2812 946 2876 nocendum
963 2815 1145 2896 potiuntur
1161 2812 1249 2876 servi
1269 2812 1421 2877 licentia.

373 2981 484 3041 XVIII.
518 2982 686 3040 suavius
704 2981 918 3038 GLORIOSUS
935 2981 1245 3038 anconssvuinus
1263 2981 1350 3039 REX.

348 3093 408 3158 Ne
438 3094 595 3160 liberti
624 3094 830 3179 religiosi
861 3095 938 3158 adl
970 3095 1225 3178 obsequium
1256 3096 1377 3159 redu·

675 3186 831 3248 cantur
860 3184 1047 3247 heredis.

410 3288 591 3368 Quoslibet
614 3290 657 3354 de
682 3309 946 3372 corumcumque
976 3289 1110 3354 libertis
1138 3293 1199 3353 aut
1227 3289 1423 3374 specialiter

304 3376 507 3441 eclesiastici
553 3378 704 3461 dignitas
752 3378 952 3442 sublimavit
1000 3379 1139 3442 honoris
1181 3382 1243 3442 aut
1285 3379 1422 3463 prefixis

303 3469 501 3529 sanctorum
530 3465 614 3529 loeis
644 3467 826 3551 deputavit
852 3467 908 3531 vel
936 3467 1019 3530 ordo
1046 3467 1223 3550 religionis
1250 3466 1306 3532 vel
1336 3468 1422 3531 ordi-

303 3554 398 3618 natio
415 3555 701 3633 manumittentis,
725 3559 914 3619 nonerunt
938 3556 982 3619 ad
998 3555 1177 3619 hominum
1192 3557 1422 3640 patrocinium

303 3642 491 3706 reducendi
515 3645 735 3708 contentione
759 3643 914 3727 qualibet
938 3645 1084 3708 heredis.
1124 3643 1224 3724 Quod
1241 3645 1332 3708 enim
1352 3645 1421 3728 glo-

302 3723 450 3794 riosiusb
477 3730 552 3795 Deo
580 3733 744 3797 adherere
768 3736 936 3811 censetur,
966 3733 1137 3816 obsequiis
1166 3733 1346 3798 hominum
1372 3754 1421 3798 re·

303 3817 404 3902 ligari
427 3819 608 3886 honestate
630 3821 730 3885 nulla
752 3822 886 3886 sinitur.

409 3994 430 4040 e)
444 3993 562 4042 progenies
576 3995 623 4037 111.
676 3995 695 4042 s)
709 3991 809 4034 adtenta
822 3998 849 4033 ut
857 4006 903 4044 pro
917 3991 1044 4034 adtemtant
1057 3998 1097 4034 aut
1110 3994 1162 4043 1213
1178 3991 1305 4034 adtendant
1318 3998 1358 4034 aut
1371 3994 1421 4036 132.

302 4046 325 4092 g)
339 4045 371 4082 ita
384 4045 437 4096 1²13
459 4043 487 4085 dc
501 4044 608 4086 indecens
622 4048 676 4098 Eli
698 4045 805 4096 deinceps
819 4047 867 4090 122.
942 4048 966 4096 h)
980 4048 1055 4097 sitque
1069 4048 1120 4099 1213
1142 4048 1161 4087 si
1176 4057 1220 4095 que
1235 4047 1284 4090 122,
1356 4047 1372 4095 i)
1386 4047 1421 4087 in·

302 4098 379 4145 genita
391 4100 566 4147 superscribendo
581 4111 639 4143 corr.
652 4101 769 4149 ingentia
783 4101 830 4142 121.
906 4100 929 4149 k)
948 4105 1036 4142 tantum
1049 4101 1096 4142 ΕΙ,
1175 4101 1192 4149 l)
1211 4099 1360 4140 conmissions
1373 4101 1422 4143 ΕΙ.

303 4150 333 4201 m)
347 4148 577 4193 adtollit-servitus
593 4165 633 4196 om.
648 4155 695 4196 111.
749 4156 773 4202 n)
787 4154 878 4194 siuimet
891 4154 938 4196 131.
992 4156 1014 4203 o)
1027 4152 1120 4203 adpetet
1133 4154 1180 4196 ΕΙ.
1231 4155 1255 4202 p)
1270 4153 1357 4193 llbertis
1371 4154 1421 4196 122.

303 4206 325 4250 q)
340 4204 404 4244 iuxta
416 4207 463 4248 Bi.
518 4206 538 4259 r)
552 4207 830 4255 eisque-concusserint
843 4208 944 4250 dam.
997 4209 1017 4256 s)
1032 4208 1175 4248 concuserint
1188 4207 1237 4250 122.
1292 4209 1309 4256 t)
1323 4205 1422 4247 adsoIvi·

302 4261 340 4296 tur
353 4258 399 4300 Rl.
452 4258 477 4310 u)
490 4259 627 4308 inpendatur
640 4261 687 4301 Bi.

408 4313 491 4355 XVIII.
531 4315 553 4362 a)
567 4314 624 4352 deest
637 4314 684 4354 121.
737 4313 761 4361 b)
775 4313 884 4362 gloriosus
898 4312 945 4356 121.

303 4451 329 4518 1)
347 4452 388 4517 Cf.
407 4455 439 4508 L.
455 4454 528 4508 Rern.
541 4455 595 4509 Vis.
609 4454 687 4506 Paul.
701 4455 741 4521 II,
761 4457 805 4522 20,
820 4456 851 4518 6,·
869 4473 891 4510 v.
907 4455 998 4524 Dahn,
1013 4456 1137 4522 1Κόπίρῶ
1153 4456 1194 4508 VI
1199 4455 1217 4523 ²,
1233 4457 1334 4524 p.184,
1354 4473 1381 4508 a.
1396 4458 1421 4512 1.

1448 3921 1479 3960 ,

1617 4219 1619 4244 i

1616 4461 1619 4542 i

1616 4645 1618 4686 l

1615 4715 1618 4748 l
