3218 5202
359 533 438 588 LEX
455 532 570 591 visla.
589 533 858 591 Raccnssvnin.
895 533 1039 603 111‚1,4.
1225 539 1261 593 89

162 717 306 782 uosdam
328 738 398 781 non
422 717 539 780 avidos
563 737 677 781 amore
700 720 858 794 nature⁰‚
883 717 944 782 sed
966 717 1112 782 inlectos
1133 739 1176 782 ou
1200 719 1261 781 idi-

141 740 163 802 ‘i
196 807 204 821 ‚
433 805 453 819 η
540 806 547 819 ,
682 806 689 820 ‚
783 806 789 820 ,
859 805 865 820 ,
911 799 924 842 f
971 805 977 820 ,
1177 741 1199 802 P

140 806 368 979 illiciis?
381 805 666 958 similuioiifi
679 806 1261 960 ariditatiiisiiii

141 984 237 1062 ordo,
273 1003 336 1048 nec
370 1002 514 1045 morum.
566 981 657 1045 Nam
692 1003 771 1047 cum
799 975 908 1047 uirish
945 1003 999 1047 res
1033 983 1095 1047 illa
1126 984 1261 1048 dederit

140 1093 274 1149 nomen,
305 1072 397 1154 quod
420 1071 481 1134 viss
506 1071 653 1134 feminas
676 1064 816 1155 agant¹‚
848 1065 919 1135 sgr
946 1092 1008 1155 per
1030 1073 1261 1156 repugnantia

140 1163 263 1224 nature
286 1151 484 1224 conamina¹
506 1159 659 1223 maribus
674 1159 879 1243 puellulasm
901 1162 1127 1244 anteponunt,
1153 1161 1256 1224 dum¹¹

143 1249 150 1263 .
257 1249 265 1262 .
680 1248 687 1262 .
835 1248 841 1262 .
893 1249 940 1285 .0
1112 1248 1118 1262 .

140 1245 1260 1421 sigillaiilii⁰iifiiii⁵i⁰riiimiiiiiaiiiii

141 1425 270 1490 dilabiq
301 1428 431 1509 cogunt
460 1425 505 1488 ad
534 1425 739 1508 inpudicitie
769 1425 918 1509 lapsum,
952 1425 1035 1488 dum
1065 1425 1259 1509 puellarum

141 1514 272 1617 avidior
302 1517 337 1578 et
367 1514 515 1638 maxima
545 1516 618 1578 etas
649 1519 762 1577 serosr
792 1514 978 1597 tardosque
1001 1514 1153 1577 virorum
1166 1535 1258 1616 'con-

139 1601 828 1776 iiiiliaiile{liasprileliliiedi
857 1602 1259 1755 itg⁰afiiia⁰iiiiiii

140 1780 325 1844 reducatur
347 1778 500 1855 inlicitis,
532 1779 635 1842 huius
658 1779 835 1843 sanctione
866 1779 1064 1844 decernitur
1093 1779 1189 1863 legis,
1218 1783 1259 1843 ut

139 1868 266 1934 femine
290 1867 452 1932 minorisv
478 1887 612 1950 semper
632 1870 750 1932 etatew
772 1867 854 1930 viris
876 1867 1063 1932 maioribus
1085 1867 1123 1930 in
1145 1869 1259 1931 matri·

140 1957 313 2021 monium¹
337 1957 588 2040 dispensentur.
636 1955 750 2020 Aliter
773 1955 985 2040 dispensatio
1008 1956 1112 2034 facta,
1137 1957 1166 2019 si
1188 1979 1259 2020 una

140 2065 217 2130 pars
241 2044 475 2109 contradicere
498 2044 667 2121 videatur,
696 2044 793 2108 nullo
817 2045 919 2108 modo
946 2065 1084 2109 manere
1108 2044 1257 2109 iubetur.

140 2135 170 2197 A
200 2133 256 2198 die
278 2154 359 2198 vero
388 2132 594 2217 isponsionis
624 2153 731 2216 usque
762 2133 806 2196 ad
836 2132 1036 2217 nuptiarum
1067 2133 1157 2197 diem
1187 2155 1257 2198 non

141 2221 286 2306 amplius
314 2242 417 2305 quam
445 2221 622 2286 biennium
646 2224 856 2305 expectetur,
887 2221 954 2286 nisi
984 2224 1046 2285 aut
1075 2225 1258 2305 parentum

21 2387 22 2396 ἵ
86 2316 103 2338 ”
141 2315 199 2374 aut
230 2311 444 2394 cognationis
466 2309 523 2374 vel
546 2313 638 2374 certe
662 2310 837 2393 ipsorumg
869 2311 1094 2393 isponsorum‚
1126 2311 1155 2374 si
1185 2331 1257 2394 pro·

140 2399 230 2464 fecte
260 2401 342 2464 sunt
370 2399 439 2463 iam
468 2399 581 2475 etatis,
612 2399 758 2462 honesta
781 2400 843 2462 et⁸
870 2399 1075 2463 conveniens
1105 2399 1257 2464 adfuerit

143 2488 317 2552 consensio
345 2487 558 2552 volumtatis.
612 2486 673 2550 Sin
708 2490 825 2550 autem
858 2488 895 2550 in
926 2487 991 2552 hoc
1021 2487 1139 2552 federe
1169 2487 1257 2551 inita

141 2579 241 2661 pacta
262 2575 319 2640 vel
342 2574 559 2640 definitiones
589 2595 651 2659 pro
675 2575 920 2658 elongationey
946 2575 1147 2660 nuptiarum
1171 2597 1257 2640 com-

141 2665 251 2728 munis
273 2663 445 2729 volumtas
467 2663 640 2728 inmutare
664 2664 864 2741 decreverit,
895 2667 957 2728 aut
980 2665 1009 2727 si
1032 2684 1093 2748 per
1115 2665 1257 2730 necessi·

139 2755 247 2817 tatem
269 2773 340 2816 una
362 2773 508 2836 persona
531 2752 691 2827 defuerit,
720 2773 791 2816 non
814 2752 961 2836 amplius
984 2772 1087 2835 quam
1111 2753 1257 2816 duorum

140 2862 307 2905 annorum
332 2844 469 2924 tempus
498 2841 715 2924 prolongatio
740 2841 942 2906 continebit.
988 2840 1035 2903 Et
1058 2841 1087 2903 si
1110 2853 1255 2917 rursum,

139 2929 192 2995 vel
215 2931 373 3013 quotiens
389 2929 482 2994 fieri¹
511 2929 562 2992 ita
578 2929 785 3006 convenerit,
810 2928 940 2993 biennii
963 2929 1204 2993 tantummodo
1220 2930 1257 2992 in

140 3019 338 3082 definitione
367 3017 532 3102 ispatium
563 3017 638 3082 erit.
684 3017 797 3081 Aliter
825 3018 1029 3100 quandoque
1057 3020 1139 3080 auu
1170 3037 1257 3081 arra-

138 3127 213 3170 rum
244 3109 306 3170 aut
335 3107 504 3190 scripture
535 3105 709 3170 celebrata
739 3107 910 3170 confectio
940 3127 1010 3170 non
1032 3105 1172 3170 valebit.
1220 3105 1257 3170 Si

139 3196 212 3278 quis
236 3215 318 3259 sane
342 3195 571 3260 constitutum
587 3194 797 3259 definitionis
818 3198 956 3278 tempus
972 3194 1099 3277 absque
1115 3195 1257 3258 necessi·

138 3286 246 3348 tatem
269 3283 325 3347 vel
346 3283 548 3348 volumtatis
569 3283 827 3347 consensionem
848 3275 1087 3348 transcedereb
1107 3282 1257 3346 voluerit

139 3391 301 3454 suamque
316 3372 543 3436 volumtatem
567 3375 606 3433 a⁰
627 3370 850 3455 promissione
874 3371 1048 3455 coniugali
1063 3370 1254 3446 removerit,

139 3463 173 3524 et
196 3455 354 3544 penamd,
380 3480 446 3546 que
468 3460 505 3522 in
523 3459 652 3543 placito
674 3459 880 3537 continetur,
905 3459 1083 3544 adinpleat
1106 3462 1141 3524 et
1165 3460 1256 3542 quod

139 3549 319 3614 definitum
354 3552 406 3613 est
440 3548 631 3612 inmutare⁰
668 3568 739 3611 non
774 3548 888 3612 liceat.
945 3541 1093 3612 Mulieri
1129 3550 1254 3624 autem,

138 3657 240 3720 quam
263 3637 458 3702 constiterit
481 3639 673 3700 autunum
697 3640 758 3700 aut
780 3636 896 3720 plures
919 3637 1080 3700 habuisse
1104 3637 1255 3712 maritos,

138 3729 215 3809 post
235 3726 455 3790 eorumdemg
472 3725 624 3789 virorum
640 3724 799 3789 hobitum
822 3724 883 3788 alii
904 3724 977 3789 viro
1002 3725 1044 3788 ab
1061 3723 1257 3788 adulescen-

137 3814 206 3878 tiae
230 3815 305 3880 eius
328 3813 436 3890 annis,
461 3833 522 3878 seu
545 3813 607 3888 ilii,
633 3813 692 3895 qui
707 3814 855 3878 necdum
871 3833 1013 3890 uxorem
1028 3812 1161 3888 habuit,
1186 3813 1256 3878 sive

138 3903 178 3979 ei,
196 3895 319 3987 quernh
332 3901 435 3964 nnius
447 3902 502 3966 vel
518 3895 761 3986 plurimorum¹
774 3901 960 3985 coniugum
971 3900 1044 3965 vita
1057 3900 1216 3966 destituit
1224 3895 1254 3978 k,

138 3990 282 4056 honeste
306 3990 371 4054 hac
395 3989 555 4074 legaliter
577 3990 707 4054 nubere
730 3990 930 4054 nullatenus
953 3983 1105 4053 inlicita¹
1129 3989 1204 4053 erit.

243 4128 266 4177 a)
283 4138 353 4167 naras
370 4127 418 4170 121.
497 4125 686 4174 oinordinatum
700 4127 747 4169 121.
828 4129 851 4176 ς)
869 4127 925 4165 deest
943 4126 988 4167 Bi.
1069 4123 1196 4173 invideris
1210 4125 1256 4167 Bl.

138 4181 237 4230 lugunt
251 4182 297 4223 iri.
359 4180 384 4231 k)
397 4181 430 4219 ita
444 4181 519 4223 m.
579 4181 596 4224 li
610 4179 746 4228 quonamina
760 4180 807 4222 Bi.
867 4182 898 4227 m)
912 4179 1008 4228 pullulas
1024 4179 1070 4220 121.
1130 4181 1154 4226 n)
1168 4176 1196 4217 de
1210 4179 1257 4221 131.

139 4240 160 4283 o)
174 4233 349 4284 dispensationis
364 4234 410 4276 Bl.
471 4237 494 4283 p)
508 4235 647 4283 prepositura
662 4234 708 4276 121.
770 4235 793 4280 q)
808 4230 888 4272 dilabit
902 4233 948 4274 iii.
1009 4234 1029 4280 r)
1038 4231 1094 4278 piis
1108 4231 1201 4280 (perbis)
1212 4243 1256 4279 pro

140 4298 199 4327 seros
213 4288 264 4337 813
285 4298 353 4327 sexus
368 4288 416 4328 Bi.
484 4290 504 4334 s)
518 4292 639 4336 expectare
653 4287 702 4328 122.
769 4289 787 4334 t)
800 4287 950 4335 propugnatio
964 4285 1011 4327 121.
1076 4284 1100 4335 u)
1113 4283 1193 4324 ordine
1208 4285 1255 4332 Rl,

140 4341 277 4383 nutriam.
338 4342 362 4388 v)
375 4340 449 4380 minor
463 4341 509 4382 121.
567 4342 597 4388 w)
612 4345 694 4380 etaiam
709 4340 758 4382 122.
818 4342 841 4388 x)
856 4339 998 4378 matrimonio
1012 4338 1060 4380 122.
1121 4340 1144 4388 y)
1159 4338 1255 4387 accan

141 4394 308 4442 prolongatione
322 4405 368 4442 pro
386 4404 426 4442 pro
445 4394 472 4435 el.
491 4394 539 4436 ira.
620 4395 640 4441 z)
659 4393 728 4432 merit
746 4393 792 4435 Bi,
873 4394 895 4439 a)
914 4402 958 4440 que
975 4395 1015 4431 aut
1032 4401 1134 4430 arrarum
1152 4391 1196 4432 des.
1210 4391 1256 4432 121.

140 4443 335 4494 birranrcoudere
349 4447 398 4489 Bi.
466 4449 487 4493 c)
501 4444 530 4486 ad
545 4446 699 4496 promissionis
713 4446 760 4488 Bl.
828 4443 851 4493 d)
865 4456 924 4494 pena
938 4445 984 4486 Bi.
1052 4446 1073 4492 e)
1087 4443 1194 4483 inmutari
1208 4444 1256 4485 122.

141 4499 345 4552 Qiiuiioromssi.
385 4502 408 4549 ς)
422 4498 545 4540 earundem
555 4500 601 4542 Bi.
642 4499 666 4547 h)
681 4499 848 4548 queunusiii.
890 4500 906 4546 i)
919 4500 951 4536 ita
961 4498 1008 4540 Bi,
1017 4497 1037 4538 2.
1078 4497 1101 4545 k)
1116 4495 1256 4538 destultBl.

141 4552 156 4600 1)
169 4553 278 4594 inlicitum
292 4553 313 4592 R
322 4553 342 4595 2.
