3264 5206
368 573 446 630 LEX
464 573 580 632 VISIG.
598 573 867 633 Raooassvmn.
903 575 939 642 V,
958 577 1075 643 3,1-3.
1232 579 1283 634 149

160 761 245 822 nata
267 760 503 842 permaneant.
550 757 587 820 Si
601 777 682 822 vero
698 757 805 821 alium
821 757 895 822 sibl
902 761 1086 841 patronum
1102 758 1281 842 helegerit,

161 846 290 911 habeat
318 845 505 923 licentiam,
535 845 591 910 cui
614 866 650 911 se
672 845 821 911 voluerit
845 847 1088 925 conmendare;
1120 847 1280 930 quoniam

160 936 312 1018 ingenuo
335 935 468 998 homini
490 956 560 997 non
583 937 698 1020 potest
721 934 881 1018 proiberi,
912 935 1012 1017 quia⁰
1040 936 1078 998 in
1104 957 1167 1000 sua
1190 939 1282 1020 pote·

161 1027 251 1088 state
282 1023 454 1099 consistit;
491 1023 551 1087 scd
582 1023 707 1087 reddat
736 1023 851 1087 omnia
880 1019 1061 1106 patronol,
1095 1045 1198 1106 quem
1228 1025 1281 1089 de·

161 1113 309 1176 seruire.
365 1110 494 1175 Similis
525 1115 560 1176 et
590 1111 681 1177 circa
710 1111 800 1184 filios
829 1111 967 1195 patroni
993 1112 1049 1177 vel
1078 1112 1167 1177 filios
1197 1113 1279 1190 eius,

160 1200 220 1284 qui
242 1201 280 1262 in
302 1199 494 1285 patrocinio
517 1199 597 1278 fuit,
627 1199 740 1264 forma
763 1203 933 1264 servetur:
964 1205 1014 1278 ut,
1046 1200 1076 1264 si
1101 1204 1175 1265 tam
1197 1202 1279 1285 ipse,

160 1289 219 1371 qui
242 1289 283 1351 in‘
302 1289 495 1372 patrocinio
517 1288 597 1366 fuit,
628 1309 732 1371 quam
761 1287 825 1351 filii
855 1289 928 1353 eius
955 1289 1036 1352 filiis
1063 1290 1202 1373 patroni
1225 1290 1281 1354 ob·

159 1377 257 1459 sequi
285 1376 472 1454 voluerint,
509 1378 638 1442 donata
672 1371 905 1461 possideantf.
962 1377 999 1441 Si
1027 1397 1108 1442 vero
1143 1379 1281 1462 patroni

158 1465 248 1531 filios
271 1465 328 1530 vel
350 1469 493 1550 nepotes
522 1466 606 1549 ipsis
632 1465 832 1530 nolentibus
855 1465 1067 1530 crediderint
1088 1466 1280 1549 relinquen·

159 1556 230 1632 dos,
255 1554 404 1618 reddant
426 1555 595 1631 universa,
620 1573 686 1637 que
702 1554 930 1638 parentibusg
949 1573 1067 1619 eorum
1091 1577 1111 1618 a
1134 1558 1280 1640 patrono

159 1645 288 1706 donata
311 1646 403 1706 sunt.
441 1641 656 1725 Quicumque
672 1646 789 1708 autem
808 1643 846 1706 in
861 1643 1054 1726 patrocinio
1069 1644 1279 1708 constitutus

158 1731 221 1796 sub
246 1735 392 1815 patrono
416 1731 547 1814 aliquid
570 1731 782 1814 adquisierit,
806 1731 973 1796 medietas
997 1752 1039 1796 ex
1062 1732 1220 1797 omnibus
1243 1734 1280 1796 in

157 1821 296 1904 patroni
323 1819 379 1884 vel
406 1820 557 1884 filiorum
584 1820 657 1884 eius
684 1823 858 1903 potestate
888 1820 1070 1898 consistat;
1102 1821 1171 1886 alia
1197 1841 1278 1886 vero

156 1909 381 1973 medietatem
408 1909 501 1972 idem
524 1907 763 1986 buccellarius,
794 1909 854 1992 qui
883 1909 1082 1991 adquisibit,
1110 1909 1277 1975 obtineat.

159 1996 260 2076 Quod
290 1997 319 2060 si
348 1997 578 2062 buccellarius
612 1997 718 2061 filiam
753 1997 995 2062 tantummodo
1030 1997 1209 2080 reliquerit
1243 2002 1279 2063 et

157 2085 269 2148 filium
291 2107 362 2150 non
376 2085 566 2168 reliquerit,
589 2085 700 2169 ipsam
723 2085 759 2149 in
774 2088 947 2170 potestate
962 2087 1100 2171 patroni
1116 2080 1275 2152 manereh

156 2175 332 2252 iubemus;
357 2175 406 2238 sic
421 2177 548 2252 tamen,
573 2178 613 2237 ut
635 2175 708 2258 ipse
732 2177 900 2258 patronus
916 2174 1074 2257 equalem
1088 2176 1276 2260 provideat,

158 2263 218 2344 qui
234 2282 310 2327 eam
326 2262 391 2327 sibi
414 2263 522 2346 possit
544 2263 581 2326 in
597 2256 872 2327 matrimonium¹
891 2263 1029 2340 sociari;
1054 2267 1090 2328 et
1109 2264 1278 2346 quidquid

158 2352 251 2435 patri
278 2351 335 2416 vel
365 2352 469 2416 matri
498 2353 570 2416 eius
599 2351 717 2416 iuerat
746 2352 876 2429 datum,
913 2352 957 2415 ad
988 2372 1063 2417 eam
1093 2353 1276 2436 pertineat.

159 2438 260 2518 Quod
283 2441 313 2504 si
335 2441 410 2523 ipsa
433 2439 499 2505 sibi
523 2443 645 2505 contra
666 2439 895 2504 volumtatem
918 2441 1056 2524 patroni
1078 2440 1277 2506 inferiorem

157 2522 272 2594 fortek
298 2528 452 2612 elegerit,
476 2529 644 2611 quidquid
666 2529 759 2612 patri
782 2525 899 2593 eius'a
921 2531 1068 2612 patrono
1090 2528 1199 2594 fuerit
1222 2531 1277 2594 do·

157 2621 280 2680 natum
302 2617 359 2680 vel
382 2638 402 2680 a
425 2617 625 2701 parentibus
653 2617 804 2701 patroni,
835 2619 981 2700 patrono
1008 2617 1064 2682 vel
1092 2617 1276 2682 heredibus

158 2706 231 2770 eius
254 2706 469 2770 restituatur.

574 2857 615 2916 11.
644 2857 857 2928 armonia.

157 2969 217 3035 De
241 2971 387 3048 armis,
417 2991 497 3054 que
520 2972 682 3035 dantur
705 2970 932 3035 saionibus
956 2971 1000 3033 in
1023 2971 1275 3054 patrocinio

202 3060 482 3138 constitutis,
515 3063 557 3124 et
585 3061 634 3124 de
662 3059 1045 3142 adquisitionibus
1075 3079 1229 3124 eorum.

263 3167 379 3243 Arma,
404 3185 469 3248 que
494 3165 668 3230 saionibus
691 3186 752 3250 pro
776 3165 939 3249 obsequio
963 3166 1145 3242 donantur,
1176 3165 1310 3230 nulla=

155 3254 290 3318 ratione
314 3275 335 3318 a
358 3255 523 3320 donatore
545 3257 764 3338 repetantur;
796 3255 856 3318 scd
886 3254 957 3331 illa,
988 3273 1064 3336 que,
1097 3255 1180 3319 dum
1202 3254 1273 3319 saio

157 3345 217 3419 est,
243 3343 437 3426 adquisivit,
461 3344 497 3406 in
521 3343 659 3427 patroni
682 3345 855 3426 potestate
879 3343 1079 3408 consistant.

562 3512 617 3570 ΠΙ,
648 3511 861 3582 ANTIQUAa.

200 3625 259 3690 De
288 3625 418 3690 rebus
448 3627 492 3689 in
521 3625 773 3710 patrocinio
805 3625 1073 3708 conquisitis
1102 3625 1172 3690 vel
1202 3645 1223 3688 a

502 3717 688 3798 patrono
719 3713 923 3778 conlatis.

261 3819 359 3884 Sicut
382 3840 485 3904 supra
505 3820 637 3883 dictum
661 3817 744 3896 ess1,
770 3819 798 3883 si
821 3820 897 3902 quis
921 3840 1000 3884 oum
1023 3806 1138 3902 aliquo
1162 3821 1273 3903 patro-

157 3908 236 3971 cinii
266 3929 370 3972 causa
399 3909 573 3985 consistat,
606 3911 641 3972 et
671 3907 812 3990 aliquid,
844 3909 927 3972 dum
954 3929 1034 3972 cum
1061 3928 1101 3972 eo
1125 3906 1271 3984 habitat,

157 3997 364 4080 adquisierit,
395 3998 425 4061 si
448 3990 504 4062 eib
531 3995 681 4060 infidelis
710 3997 907 4061 inveniatur
935 3996 991 4062 vel
1022 4016 1100 4062 eum
1131 3996 1273 4061 derelin-

260 4188 281 4235 ο)
295 4186 334 4235 qui
348 4187 395 4228 ΕΙ,
450 4183 473 4234 d)
487 4190 552 4236 patro
566 4185 613 4230 ΕΙ,
671 4188 693 4234 e)
707 4186 779 4226 servit
792 4186 840 4228 Μ.
901 4183 1055 4235 opossideat.
1075 4184 1100 4226 Si
1114 4195 1168 4225 uero
1182 4185 1273 4234 patroni

157 4238 247 4288 obsequi
261 4239 376 4280 noluerint
390 4237 474 4280 donata
488 4236 603 4288 possideat
617 4239 663 4282 131.
710 4241 733 4288 g)
747 4239 849 4289 patribus
863 4239 912 4283 ΒΞ.
964 4240 988 4288 h)
1003 4249 1054 4279 cese
1068 4238 1117 4282 Ra.
1164 4239 1181 4287 i)
1196 4239 1273 4278 matri·

156 4293 227 4332 monio
241 4292 329 4334 sociare
343 4293 363 4332 R
373 4294 392 4336 2.
445 4293 470 4341 k)
483 4294 565 4333 fortem
578 4293 625 4334 ΕΙ.

260 4347 290 4388 II.
330 4349 353 4395 a)
367 4347 424 4386 deest
437 4346 486 4389 aa.

259 4400 302 4442 HL
342 4400 497 4447 amaeam.
551 4398 672 4446 metm.

157 4541 182 4606 1)
202 4541 232 4598 V.
250 4557 334 4610 supra
353 4557 373 4597 o.
388 4543 412 4597 1.

1320 3160 1369 3204 Ood.
1377 3161 1430 3204 Eur,

1330 3215 1378 3256 311.
