3198 5202
332 543 386 596 310
540 537 618 590 mx
636 533 751 592 vrsre.
770 535 1039 591 snccnssvmn
1076 533 1144 604 xri,
1163 541 1189 604 a,
1204 538 1245 591 15.

398 715 462 771 XV.
493 713 687 768 saevisse
710 711 923 767 GLORIOSUS
941 711 1278 767 Rseesssvmousa
1300 711 1388 768 REX.

333 829 394 892 De
424 827 670 890 interdicto
706 824 904 888 omnibus
940 824 1219 900 christianis,
1256 845 1306 888 ne
1342 825 1454 906 quis-

334 936 413 999 que
434 917 615 978 Iudeum
636 933 902 996 quacumque
923 913 1122 976 factione
1144 915 1281 995 adque
1301 913 1454 976 favore

508 1003 736 1066 vindicare
759 1001 829 1065 vel
851 995 994 1065 tuerib
1023 1004 1269 1084 pertemtet.

441 1110 484 1172 ln
502 1109 753 1173 conclusionem
779 1108 932 1171 omnium
953 1109 1195 1191 preteritarum
1218 1107 1344 1190 legum,
1369 1129 1453 1190 quas

334 1199 378 1262 ad
410 1199 636 1262 conterenda⁰
665 1197 809 1280 perfidia
837 1196 1024 1260 Iudeorum
1053 1199 1126 1259 tarn
1156 1199 1274 1258 nostra
1303 1196 1452 1259 intentio

334 1309 436 1370 quam
461 1281 714 1370 precessorumd
741 1288 936 1348 nostrorum
960 1285 1075 1347 studia
1099 1285 1333 1361 decreverunt,
1359 1306 1453 1368 opor-

333 1376 403 1438 tuit
427 1377 516 1438 hanc
540 1375 721 1438 novissime
749 1373 859 1456 legem
892 1374 936 1436 ad
958 1373 1060 1436 robor
1084 1372 1289 1435 soliditatis⁰
1319 1373 1453 1436 adicere

334 1468 369 1527 et
394 1464 592 1546 conpetenti
620 1463 835 1525 munimento
866 1463 1030 1545 premissa
1060 1481 1100 1524 ex
1130 1461 1250 1524 ordine
1279 1461 1451 1524 roborare.

334 1553 520 1634 Postquam
551 1552 643 1615 enim
673 1551 830 1614 dedimus
861 1570 955 1613 sacre
990 1550 1071 1613 fidei
1105 1550 1259 1632 profanis
1294 1551 1452 1613 hostibus

334 1643 520 1723 conpetens
550 1640 732 1723 repudium
761 1642 796 1701 et
820 1639 953 1702 cunctis
982 1637 1283 1701 adinventionibus
1312 1639 1453 1720 perfido·

332 1751 410 1791 rum
426 1731 601 1812 posuimus
617 1748 658 1791 ex
674 1728 775 1791 obvio
790 1727 986 1803 terminum,
1012 1726 1127 1789 debite
1144 1727 1301 1809 conpulsi
1325 1747 1450 1804 sumus

334 1821 369 1881 et
397 1838 450 1892 ea‚,
478 1838 544 1899 que
575 1819 735 1880 concreta
766 1819 856 1890 sunt,
888 1815 1044 1891 solidare,
1077 1818 1112 1878 et
1142 1835 1207 1896 que
1239 1815 1453 1878 consolidata

334 1909 424 1980 sunt,
450 1905 683 1988 pulcritudine
707 1907 899 1980 venustare,
924 1907 973 1980 ut,
998 1897 1188 1985 quantumf
1214 1904 1340 1966 artifex
1364 1903 1452 1966 viva-

335 1994 433 2057 ciusg
466 1994 670 2077 expresserit
700 1993 879 2075 ingenium
910 1993 1129 2075 cogitationis
1164 1992 1202 2053 in
1232 1995 1315 2065 arte,
1352 1995 1452 2054 tanto

333 2083 449 2164 vigore
473 2083 575 2144 simul
600 2085 635 2145 et
659 2083 762 2144 decus
787 2082 946 2143 adsumat
969 2081 1119 2162 qualitas
1134 2080 1254 2143 forme.
1301 2079 1355 2142 Ne
1372 2100 1452 2162 ergo

334 2171 605 2252 quibuscumque
636 2169 938 2233 adinventionibus
970 2169 1142 2232 calliditas
1173 2169 1373 2244 iudeorum,
1406 2169 1452 2230 in·

334 2259 506 2322 desinenti
522 2259 758 2342 persequenda
774 2250 934 2334 conatuh,
957 2257 1121 2340 subrepat
1143 2257 1262 2320 obtate
1283 2250 1445 2339 profanai

332 2348 409 2409 iura
444 2347 597 2422 licentie,
637 2347 702 2410 hoc
742 2347 962 2429 providenter
997 2346 1082 2427 legis
1118 2346 1220 2407 huius
1256 2346 1452 2408 decernitur

334 2436 520 2510 sanctione,
550 2438 591 2497 ut
618 2435 736 2497 nullus
767 2436 808 2497 de
835 2434 1005 2516 religiosis
1030 2435 1273 2515 cuiuscumque
1297 2434 1451 2497 hordinis

333 2523 388 2586 vel
412 2524 550 2586 honoris
575 2544 634 2586 seu
659 2524 700 2586 de
725 2523 846 2606 palatii
870 2523 1099 2586 mediocribus
1124 2523 1234 2604 adque
1258 2523 1375 2604 primis
1397 2521 1450 2585 vel

334 2631 374 2675 ex
390 2613 548 2675 omnibus
573 2612 757 2675 cuiuslibet
773 2611 950 2693 qualitatis
975 2613 1036 2674 aut
1056 2611 1190 2693 generis
1215 2631 1235 2673 a
1257 2611 1452 2693 principum

333 2700 387 2763 vel
403 2721 695 2823 quarumcumque
711 2703 923 2783 potestatum
947 2703 1008 2761 aut
1024 2700 1180 2762 obtineat
1204 2702 1266 2762 aut
1289 2699 1452 2781 subrepat

334 2790 470 2865 animis,
503 2789 629 2852 Iudeos
689 2782 786 2851 sivek
819 2809 889 2851 non
919 2788 1111 2870 baptizatos
1141 2788 1178 2848 in
1210 2808 1269 2850 sue
1299 2787 1451 2850 observa·

332 2877 437 2939 tionis
468 2879 673 2940 detestanda
702 2877 769 2940 fide
798 2880 833 2940 et
862 2877 1110 2939 consuetudine
1141 2896 1350 2958 permanere,
1383 2877 1452 2938 sive

333 2985 399 3041 eos
425 2966 484 3047 qui
507 2966 673 3048 baptizati
697 2969 788 3039 sunt,
818 2965 862 3028 ad
890 2965 1068 3048 perfidiam
1096 2965 1243 3027 ritumve
1268 2965 1451 3048 pristinum

333 3055 537 3135 quandoque
553 3054 674 3117 redire.
722 3053 848 3115 Nullus
874 3053 936 3115 sub
953 3053 1137 3136 patrocinii
1156 3053 1295 3116 nomine
1312 3053 1373 3115 hos
1390 3073 1450 3135 pro

333 3163 392 3204 sue
421 3143 601 3224 pravitatis
630 3143 771 3205 licentia
799 3145 942 3204 conetur
972 3135 1026 3203 in1
1057 3143 1232 3224 quippiam
1262 3141 1448 3204 defensare.

332 3230 459 3292 Nullus
489 3251 703 3312 quocumque
734 3233 937 3353 argumento
968 3233 1060 3292 auem
1088 3230 1240 3292 factione
1268 3229 1337 3292 illis
1362 3230 1450 3292 hanc

333 3319 593 3382 defensionemn
626 3323 768 3382 conetur
816 3319 1011 3401 inpendere,
1045 3339 1104 3401 per
1135 3339 1238 3399 quam
1269 3319 1373 3380 liceat
1404 3319 1450 3380 eis

333 3407 452 3470 obvia⁰
474 3410 591 3470 sancte
613 3407 693 3470 fidei
710 3409 746 3470 et
762 3407 950 3469 christiano
967 3408 1163 3470 contrariap
1185 3407 1296 3469 cultui
1311 3406 1446 3489 palamq

332 3499 394 3557 aut
429 3496 584 3558 occulter
617 3495 835 3576 aliquatenus
871 3496 1071 3572 adtemtare
1109 3495 1269 3576 nequiter
1299 3496 1449 3577 proferre

332 3584 387 3646 vel
410 3586 563 3666 tangere.
613 3582 713 3658 Quod
744 3585 772 3646 si
802 3584 971 3666 quispiam
1002 3585 1066 3646 hec
1097 3583 1320 3666 presumserit
1349 3587 1449 3646 teme·

332 3692 417 3747 rare,
443 3673 471 3734 si
495 3673 673 3756 episcopus
696 3673 804 3734 fuerit
828 3676 888 3734 aut
912 3673 1017 3735 etiam
1036 3692 1077 3734 ex
1094 3673 1215 3735 ceteris
1240 3672 1372 3735 clericis
1397 3672 1448 3733 ad-

333 3780 398 3841 que
426 3760 594 3842 religiosis
617 3761 672 3823 vel
696 3763 788 3824 certe
812 3781 853 3824 ex
876 3761 1009 3824 cunctis
1038 3761 1134 3823 laicis
1163 3761 1305 3842 quisque
1337 3761 1448 3842 depre-

332 3849 459 3911 hensus
485 3849 647 3925 extiterit,
678 3852 910 3912 aconventos
940 3849 1189 3912 catholicorum
1213 3849 1375 3923 seclusus
1401 3868 1448 3911 ex-

334 3936 607 4000 comunicatione
643 3934 894 4001 ecclesiasticat
934 3937 1081 4001 feriatur
1117 3940 1151 4000 et
1187 3939 1308 4018 quarte
1343 3936 1448 4019 partis

333 4025 486 4086 omnium
504 4025 671 4088 bonorum
687 4047 825 4088 suorum
842 4026 1022 4089 amissione
1046 4026 1262 4102 multabitur,
1288 4045 1354 4107 que
1371 4025 1449 4087 fisco

439 4196 485 4238 XV.
526 4197 983 4246 a)Flav.gl.Rece.leqincquountR1,
1037 4197 1060 4244 b)
1076 4201 1140 4236 tuere
1154 4198 1201 4238 Rl.
1256 4194 1450 4244 seolseiensem

332 4246 450 4297 perfidiam
464 4250 513 4291 122.
568 4249 590 4298 d)
605 4261 758 4298 presessorum
772 4252 818 4292 121.
873 4251 894 4301 e)
908 4248 1034 4289 soliditates
1049 4251 1095 4292 Rl.
1149 4251 1214 4297 stira
1228 4251 1279 4300 1213
1297 4254 1389 4298 quamto
1402 4247 1450 4288 122.

332 4305 354 4350 g)
368 4302 485 4341 vivacibus
501 4303 549 4343 ΒΞ,
590 4304 792 4350 moonarumffl.
835 4303 852 4350 i)
866 4305 898 4340 ita
911 4304 932 4342 Ε
941 4305 1085 4352 1;profanut
1099 4304 1149 4342 iura
1163 4305 1216 4353 1225
1232 4305 1327 4351 profane
1343 4301 1450 4342 iuram.

332 4355 356 4402 k)
370 4355 447 4393 verba:
466 4357 515 4394 sive
529 4356 661 4405 baptizatos,
677 4367 732 4404 quae
745 4361 862 4404 sequuntur
876 4358 899 4394 in
913 4358 945 4398 ed.
960 4358 1057 4405 Madau,
1076 4358 1152 4394 aarum
1166 4357 1211 4398 ΕΙ,
1222 4357 1241 4397 2.
1255 4357 1277 4394 E
1286 4359 1303 4398 1,
1358 4357 1374 4402 Ι)
1388 4356 1411 4392 in
1424 4373 1451 4381 -

333 4414 427 4446 conetur
440 4408 542 4450 deam.
584 4409 893 4457 m)itaE1.ualii,·adR1.
935 4412 958 4456 n)
973 4411 1004 4447 ita
1017 4410 1039 4447 Ε
1047 4411 1066 4451 1,
1076 4411 1129 4457 alifi
1144 4408 1276 4448 defensionc
1290 4411 1336 4450 Rl.
1377 4411 1398 4456 o)
1412 4407 1451 4445 ob-

332 4461 407 4500 viasse
417 4473 461 4508 pro
475 4463 542 4500 obvia
556 4461 594 4500 sce
608 4462 642 4511 (=
657 4461 743 4510 sancte)
758 4463 804 4504 Rl.
865 4465 889 4510 p)
903 4463 1016 4502 contrario
1031 4464 1076 4504 ΕΙ.
1136 4468 1158 4510 q)
1173 4463 1224 4512 pala
1238 4464 1284 4504 131.
1343 4465 1363 4510 r)
1377 4459 1451 4500 occul-

332 4515 442 4556 tareRI.
495 4515 705 4562 inconventum.
760 4516 873 4562 neclecta
888 4517 933 4558 ΕΙ,
