3264 5206
364 576 418 632 150
541 571 619 628 Lux
635 570 752 631 viclo.
770 569 1041 631 successivum.
1077 571 1114 643 V,
1133 577 1159 640 3,
1177 577 1202 630 3.
1221 576 1252 640 43
1274 577 1299 630 4.

365 777 469 841 quere
491 756 651 834 veluerit,
681 755 850 821 medietas
873 755 1044 840 adquisito
1066 756 1117 820 rei
1139 759 1287 840 petrono
1308 756 1482 832 trudetur;
1603 757 1610 846 j

365 846 470 912 alium
490 864 571 911 vero
598 844 822 910 medietatem
844 844 905 929 qui
931 844 1119 929 adquisivit
1141 844 1307 922 obtineat,
1332 847 1369 909 et
1391 845 1484 928 quid·
1608 857 1610 868 ‘

365 934 449 1018 quid
472 935 504 998 ei
526 934 620 1018 ipse⁰
648 933 837 1011 donaverit,
861 933 1016 1018 recipiet.

782 1119 854 1178 IIII.
884 1119 1068 1192 ANTIQUI.

366 1234 424 1300 De
443 1234 574 1298 rebus
594 1235 635 1298 in
654 1233 908 1318 patrocinio
928 1234 1126 1318 acceptis
1147 1237 1187 1299 et
1208 1233 1484 1317 conquisitis.

473 1357 531 1422 Itu
552 1361 594 1421 ut
616 1377 720 1442 supro
740 1358 944 1442 premissum
959 1356 1049 1424 est¹:
1074 1358 1280 1441 quicumque
1301 1359 1485 1442 patronum

367 1467 466 1512 suum
481 1446 661 1530 reliquerit
683 1449 720 1511 et
742 1446 787 1510 ud
809 1445 919 1510 ulium
941 1466 977 1511 se
999 1446 1092 1512 forte
1115 1445 1312 1523 contulerit,
1336 1444 1406 1523 ille,
1431 1445 1485 1510 cui

367 1556 402 1601 se
431 1535 721 1612 commendaverit,
753 1535 813 1600 det
835 1534 869 1600 ei
890 1537 1036 1612 terreum
1067 1555 1148 1600 nem
1178 1537 1354 1619 petronus,
1385 1553 1485 1618 quem
1608 1571 1610 1584 ‹

365 1623 583 1707 reliquerim,
608 1627 644 1689 et
666 1627 796 1688 terrum
819 1626 944 1707 etque
968 1623 1000 1687 ei
1024 1623 1122 1690 dedit
1144 1622 1311 1688 obtineat.

368 1923 458 1989 1111.
475 1923 690 1988 umus:
726 1921 789 1988 DE
821 1922 1272 1990 OONMU'IA'IIONIBUS
1300 1923 1358 1988 III
1381 1922 1485 1988 VEN·
1608 1947 1610 1978 ι

778 2029 1069 2096 DITIONIBUS.

515 2153 545 2218 Ι.
580 2153 631 2218 Ut
652 2154 704 2218 itu
724 2153 841 2219 velent
864 2154 1099 2232 commutatio,
1124 2153 1214 2218 sicut
1236 2157 1273 2219 et
1296 2155 1411 2219 emtio.

497 2242 547 2307 II.
582 2242 641 2320 Ut,
670 2243 701 2308 si
722 2262 793 2307 non
814 2242 923 2308 fuerit
945 2242 1090 2308 idoneus
1112 2243 1282 2321 venditor,
1310 2242 1488 2309 fideiussor

475 2418 546 2483 III.
581 2331 774 2485 {Zmidleut
794 2420 965 2486 violenter
987 2419 1083 2486 iectu
1105 2419 1270 2485 venditio.

453 2507 544 2572 IIII.
580 2507 618 2572 si
641 2509 727 2573 urris
751 2509 842 2574 uuus
865 2509 1014 2594 pretium
1036 2529 1108 2573 non
1130 2508 1239 2573 fuerit
1261 2507 1443 2593 inpletum.

504 2597 545 2661 V.
581 2596 619 2661 si
641 2617 721 2683 purs
744 2597 849 2682 pretii
872 2598 955 2662 dete
976 2617 1047 2662 non
1069 2597 1187 2662 tuerit

484 2685 547 2750 VI.
584 2684 622 2750 si
643 2686 740 2750 fraus
763 2687 801 2749 in
823 2686 935 2770 pretio
958 2687 1009 2751 rei
1030 2686 1170 2751 vendite
1193 2686 1265 2750 fiet.

463 2774 545 2838 vn.
581 2773 619 2838 si
641 2774 736 2839 ureae
759 2774 835 2857 quis
856 2795 930 2839 rem
953 2794 1050 2839 suam
1072 2774 1134 2839 viu
1156 2775 1268 2860 pretio
1290 2774 1486 2839 undussa.
1608 2763 1609 2844 q

443 2862 547 2927 VIII.
582 2861 635 2928 De
663 2863 731 2941 his,
768 2863 827 2946 qui
857 2862 972 2928 eliens
997 2863 1146 2928 vendere
1172 2862 1229 2928 vel
1259 2863 1387 2928 donare
1416 2882 1487 2947 prc-
1608 2873 1609 2914 ἐ

581 2952 775 3016 sumserint.

421 3039 562 3105 VIIII.
581 3038 682 3119 Quod
707 3059 781 3105 rem
808 3041 846 3103 in
873 3039 1095 3105 contentione
1121 3040 1270 3124 positum
1291 3060 1362 3104 non
1384 3038 1488 3106 liceat

581 3129 723 3194 vindere
745 3128 801 3194 vel
825 3129 963 3194 donare.

501 3218 546 3282 X.
582 3217 620 3282 Si
643 3236 678 3282 se
701 3217 883 3303 permittet
905 3218 1075 3302 ingenuus
1097 3218 1306 3283 venundare.

481 3305 546 3370 XI.
582 3304 635 3370 De
662 3306 745 3370 viris
776 3327 816 3371 ec
846 3305 1048 3372 mulieribus
1077 3305 1237 3391 ingenuis
1266 3325 1406 3371 eservo
1433 3304 1488 3370 vel

581 3394 732 3477 ingenuo
755 3393 914 3459 venditis.

462 3481 548 3546 XII.
582 3482 663 3546 Non
690 3482 794 3548 licere
822 3482 1024 3567 parentibus
1051 3483 1141 3548 filios
1169 3503 1248 3547 suos
1274 3502 1488 3567 quocumque

583 3573 765 3636 contractu
788 3571 931 3636 ulterius
954 3571 1106 3636 dominic
1130 3571 1324 3656 subiugare.
1444 3609 1447 3614 ,

441 3659 546 3724 XIII.
583 3658 637 3724 Dc
661 3679 835 3724 servorum
856 3659 1000 3724 vinditio
1022 3660 1135 3724 rebus.

421 3747 546 3812 XIIII.
583 3748 620 3811 Si
635 3767 752 3812 servus
766 3748 929 3813 venditus
951 3748 989 3811 in
1003 3749 1152 3833 priorem
1168 3748 1345 3813 dominum
1362 3748 1490 3814 crimen

583 3835 722 3901 obiciet.

469 3924 546 3990 XV.
582 3924 631 3989 Ut
654 3925 744 3990 servi
765 3925 899 3990 venditi
921 3924 1127 3990 fucultatem
1151 3925 1310 3990 dominus
1333 3929 1489 4009 querat².

449 4013 546 4078 XVI.
583 4013 621 4078 Si
643 4033 760 4078 servus
783 4014 829 4078 sit
852 4015 894 4079 de
918 4034 980 4078 suo
1003 4013 1139 4098 peculio
1163 4017 1285 4078 emtus.

429 4102 547 4166 XVII.
583 4101 633 4166 Ut
655 4101 772 4166 nullus
796 4122 931 4167 servum
954 4123 1055 4167 suum
1077 4103 1205 4168 vendat
1228 4103 1369 4167 invitus.

478 4294 499 4341 c)
512 4292 569 4332 dccet
582 4292 603 4332 Β
611 4292 631 4336 2.

478 4346 533 4388 1111.
572 4346 595 4393 e)
609 4345 804 4394 relinquorum.

478 4399 535 4442 TIT.
549 4398 603 4441 ΠΠ.
644 4400 666 4447 e)
680 4398 782 4447 requirat
795 4399 842 4442 121.

372 4540 399 4609 1)
420 4541 450 4597 V.
468 4556 554 4608 supro
571 4555 592 4593 c.
607 4542 631 4595 1.
