3264 5206
314 527 366 581 1s4
507 519 585 576 unx
603 517 718 576 vrs1o.
736 515 1006 574 succussvnvn.
1043 516 1094 586 vr,
1113 523 1139 586 s,
1158 520 1237 573 s-r.

312 706 526 771 occasionem
548 705 697 786 ingenue
727 704 865 785 parturn
889 701 1075 765 excusserit
1103 704 1164 764 aut
1194 719 1270 765 eam
1298 720 1339 765 ex
1365 700 1432 764 hoc

313 794 512 860 debilitasse
552 790 780 874 cognoscitur,
827 789 917 852 sicut
958 792 994 853 et
1033 789 1176 873 ingenui
1220 788 1427 872 superiorisl

313 883 430 947 damni
453 900 542 966 pena
564 871 772 943 multeturl.

714 1029 784 1086 nn.
816 1028 1028 1099 numoosa.

394 1145 437 1210 Si
467 1146 685 1229 ingenuus
716 1141 881 1206 ancille
912 1146 1084 1226 partum
1115 1135 1357 1207 effuderit(

419 1250 476 1315 Sil
498 1251 670 1334 ingenuus
694 1241 840 1313 ancillel
861 1245 1022 1312 aborsum
1037 1248 1160 1314 fecerit
1176 1249 1259 1333 pati,
1284 1259 1340 1314 XX
1357 1248 1433 1314 soli·

314 1342 374 1406 dos
397 1341 536 1405 domino
560 1338 686 1402 ancille
710 1340 855 1420 cogatur
877 1335 1016 1401 inferre.

746 1488 782 1549 v.
813 1489 998 1560 rumoni.

394 1605 437 1669 si
472 1623 622 1668 servus
656 1605 845 1686 ingenue
880 1606 1052 1688 partum
1087 1603 1349 1678 excusserit,

313 1723 357 1777 Oc
372 1711 518 1795 flagellis
541 1710 679 1794 publice
700 1710 899 1774 verberetur
923 1713 958 1772 et
980 1709 1140 1772 tradatur
1162 1709 1311 1793 ingenue
1334 1709 1434 1772 servi-

311 1805 420 1864 turus.

738 1879 790 1937 VI.
820 1877 1006 1949 ANTIQUA.

372 1993 416 2056 Si
446 2012 595 2056 servus
626 1991 791 2055 ancille
822 1992 1170 2075 partitudinem⁸
1202 1991 1369 2056 leserit.

420 2098 456 2162 si
480 2097 643 2162 ancillam
665 2118 782 2162 servus
806 2097 965 2161 abortare
985 2097 1118 2174 fecerit,
1142 2108 1170 2162 X
1186 2096 1313 2161 solidos
1330 2098 1434 2161 domi-

313 2181 403 2252 nusb
431 2186 520 2251 servi
548 2185 674 2251 ancille
702 2187 842 2250 domino
870 2187 952 2250 dare
980 2189 1133 2267 cogatur,
1162 2186 1293 2269 etipse
1317 2205 1434 2249 servus

314 2287 358 2342 00
381 2277 521 2359 insuper
543 2274 683 2358 flagella
706 2275 881 2358 suscipiat.

516 2427 582 2484 VH.
614 2426 784 2483 FLAVIUS
804 2425 1119 2482 OHINDASVINDUS
1138 2425 1226 2483 REX.

357 2540 416 2604 De
445 2540 552 2617 hisi,
584 2541 656 2623 qui
683 2539 811 2603 filios
839 2560 937 2603 suos
966 2543 1040 2603 aut
1065 2532 1216 2603 notosb
1249 2539 1390 2602 autin

708 2631 836 2692 utero
865 2631 1035 2692 necant.

418 2734 518 2798 Nihil
541 2738 594 2798 est
617 2754 735 2799 eorum
759 2735 930 2817 pravitate
954 2734 1115 2811 deterius,
1140 2734 1199 2817 qui
1222 2733 1363 2818 pietatis
1387 2735 1434 2796 in·

313 2843 494 2899 memores,
525 2822 675 2886 filiorum
705 2843 845 2886 suorum
873 2825 1053 2886 necatores
1084 2823 1253 2899 existunt;
1289 2843 1435 2905 quorum

313 2913 394 2995 quia
423 2911 547 2974 vitium
577 2930 638 2994 per
668 2911 861 2994 provincias
892 2912 991 2994 regni
1025 2911 1135 2974 nostri
1170 2911 1217 2974 sic
1252 2910 1434 2975 inolevisse

312 3003 482 3077 narratur,
506 3002 547 3061 ut
570 3003 643 3062 tam
666 3000 731 3062 viri
754 3019 857 3082 quam
879 2999 1009 3064 femine
1033 2998 1169 3064 sceleris
1193 2999 1297 3062 huius
1320 3002 1434 3063 aucto·

312 3092 386 3153 res⁰
415 3108 487 3152 esse
516 3088 765 3172 repperiantur.
813 3086 897 3152 Ideo
921 3088 1011 3152 hano
1035 3087 1212 3152 licentiam
1235 3087 1434 3171 proibentes

314 3176 542 3253 decernimus,
578 3179 632 3252 ut,
669 3196 730 3240 seu
763 3175 873 3240 libera
908 3196 968 3240 seu
1003 3175 1131 3240 ancilla
1164 3179 1288 3239 natum
1322 3175 1434 3239 filium

313 3264 462 3328 filiamve
491 3257 704 3340 necaveritd,
741 3263 811 3329 sive
846 3265 959 3329 adhuc
994 3265 1030 3327 in
1060 3268 1160 3329 utero
1190 3265 1335 3341 habens,
1372 3269 1433 3329 aut

313 3354 489 3436 potionem
524 3354 569 3416 ad
599 3373 757 3417 avorsum
794 3353 978 3436 acceperit,
1015 3357 1076 3417 aut
1112 3353 1180 3417 alio
1217 3373 1433 3436 quocumque

313 3442 414 3505 modo
451 3441 651 3524 extinguere
686 3445 823 3525 partum
853 3462 953 3505 suum
982 3442 1216 3525 presumserit,
1253 3462 1332 3505 mox
1360 3462 1433 3526 pro-

312 3530 424 3593 vincie
458 3527 580 3594 iudex⁰
613 3533 674 3594 aut
703 3529 870 3594 territorii
904 3523 1033 3595 talemf
1065 3529 1199 3594 tactum
1232 3531 1432 3614 reppererit,

312 3637 383 3680 non
413 3617 524 3681 solum
553 3619 806 3702 operatricemg
837 3618 987 3682 criminis
1020 3619 1123 3682 huius
1154 3618 1294 3703 publica
1322 3622 1433 3683 morte

314 3705 529 3784 condemnet,
558 3710 620 3770 aut
648 3707 676 3770 si
699 3707 769 3770 vite
792 3725 964 3771 reservare
987 3707 1146 3785 voluerit,
1176 3727 1311 3772 omnem
1336 3707 1433 3770 visio-

313 3813 392 3857 nem
420 3794 597 3858 oculorum
626 3794 698 3859 eius
726 3815 796 3858 non
820 3799 972 3859 moretur
996 3797 1204 3878 extinguere,
1237 3797 1297 3859 sed
1327 3797 1433 3860 etiam

313 3882 342 3945 si
373 3884 537 3946 maritum
571 3885 643 3948 eius
678 3882 764 3947 talia
794 3884 930 3947 iussisse
958 3883 1013 3948 vel
1043 3885 1235 3967 permisisse
1270 3884 1431 3967 patuerit,

313 3972 460 4036 eundem
485 3973 589 4036 etiam
612 3971 765 4036 vindicte
789 3971 893 4035 simili
917 3972 1063 4037 subdere
1086 3993 1156 4036 non
1178 3976 1325 4037 recuset.

419 4143 460 4184 IIL
502 4145 524 4190 a)
538 4143 692 4192 superioribus
706 4144 754 4185 ΕΙ.
807 4144 831 4191 b)
844 4143 969 4183 multentur
983 4145 1029 4186 121.

419 4196 473 4238 1111.
513 4197 535 4242 a)
550 4197 607 4234 deest
620 4196 670 4237 122.
722 4196 746 4244 b)
760 4194 790 4235 ad
803 4197 908 4236 ancillam
922 4197 972 4239 aa.

419 4248 457 4289 VI.
499 4250 520 4295 a)
534 4247 677 4296 pertudincm
692 4249 739 4292 ΕΙ.
792 4250 815 4297 b)
830 4247 920 4289 domino
935 4250 981 4292 121.

418 4301 469 4344 VII.
510 4303 532 4348 a)
546 4301 581 4341 his
596 4301 635 4350 qui
649 4303 692 4344 dec.
705 4302 752 4345 121.
820 4303 842 4350 b)
857 4307 923 4343 nutus
937 4303 983 4345 121.
1052 4306 1073 4351 o)
1086 4303 1169 4342 actoris
1184 4304 1230 4346 131.
1298 4301 1321 4351 d)
1337 4314 1433 4343 necave-

312 4353 418 4396 rintRl.
473 4351 617 4401 e)duxRil,
670 4355 747 4398 fltale
762 4355 810 4397 Ra.
865 4356 1050 4405 g)uberatricem
1065 4357 1111 4399 121.

313 4477 340 4544 1)
359 4476 399 4540 Cf.
418 4477 451 4532 L.
471 4479 566 4533 Baius.
585 4481 611 4544 8,
631 4481 674 4533 22.
693 4482 736 4533 23.
