3264 5206
321 547 373 602 194
513 542 591 596 LEX
608 541 724 600 VISIG.
743 542 1012 598 REGOESSVIND.
1050 543 1102 612 VI,
1121 546 1147 613 ὅ,
1165 548 1245 601 5-8.

319 728 419 811 gerit,
448 727 559 810 adque
582 727 652 804 ille,
681 727 741 809 qui
764 728 941 811 percussit,
971 730 1033 790 aut
1056 748 1118 791 suo
1141 729 1356 792 sacramento
1380 729 1444 788 aut

318 816 468 880 testibus
491 835 634 879 numero
657 818 694 879 et
716 815 888 898 dignitate
910 816 1045 880 idoneis
1069 817 1258 900 adprobare
1278 815 1442 899 potuerit,

320 904 413 988 quod
440 905 505 968 hoc
533 908 574 967 ut
602 904 700 968 fieret
722 903 923 968 volumtatis
952 905 1025 969 eius
1053 926 1123 969 non
1151 905 1230 980 fuir,
1261 905 1343 987 quia
1370 924 1443 987 per-

320 1013 437 1057 cussor
464 1013 528 1057 nec
555 995 733 1077 percutere
761 1013 825 1057 nec
853 993 1033 1057 hoccidere
1056 993 1182 1070 voluit,
1214 993 1338 1056 libram
1367 997 1443 1055 tan-

319 1084 395 1144 tum
424 1082 498 1144 auri
525 1081 727 1165 parentibus
755 1081 929 1165 persolvat
951 1083 1065 1146 occisi.
1113 1081 1280 1146 Similiter
1303 1084 1338 1145 et
1362 1101 1442 1163 qua·

321 1168 537 1252 lemoumque
566 1169 693 1234 vulnus
726 1170 791 1233 tali
826 1191 908 1234 casu
942 1171 1017 1235 fieri
1052 1171 1262 1254 provenerit,
1299 1170 1442 1234 tertiam

320 1261 455 1343 partem
487 1259 732 1342 conpositionis
765 1259 825 1341 qui
855 1259 1023 1343 percussit
1054 1260 1204 1336 exolvat,
1239 1259 1320 1342 quia
1351 1279 1442 1322 mors

321 1347 394 1411 eius
421 1346 536 1410 inulta
564 1367 636 1412 esse
664 1368 734 1411 non
762 1348 875 1424 debet,
905 1348 965 1430 qui
991 1348 1085 1432 pacis
1109 1347 1277 1431 premium
1301 1350 1341 1410 ut
1365 1367 1442 1410 oon-

321 1435 428 1500 ferret
452 1435 602 1500 advenit.

730 1517 781 1574 VI.
812 1517 1026 1587 ANTIQUAv.

345 1611 404 1690 Si,
434 1613 530 1676 dum
557 1613 669 1678 levis
697 1613 864 1676 iniuria
888 1613 1099 1692 infertur,
1128 1613 1417 1677 homicidium

723 1703 1038 1766 committatur.

429 1807 475 1883 si,
500 1808 583 1871 dum
606 1808 682 1890 quis
706 1801 823 1872 calceb
843 1808 898 1872 vel
922 1829 1039 1892 pugno
1063 1811 1124 1872 aut
1139 1828 1354 1891 quacumque
1370 1829 1442 1892 per·

322 1897 477 1960 cussione
512 1895 675 1959 iniuriam
708 1901 853 1960 conatur
887 1897 1030 1974 inferre,
1071 1897 1248 1961 homicidii
1287 1897 1442 1962 extIterit

322 1985 490 2060 hoccasio,
515 2005 577 2068 pro
600 1985 786 2049 homicidio
809 1985 985 2069 puniatur.

411 2135 478 2192 VH.
509 2135 678 2192 FLAVIUS
698 2136 911 2193 GLORIOSUS
930 2137 1239 2193 REOOESSVINDUS
1257 2137 1346 2195 REX.

324 2247 367 2311 Si
394 2249 544 2313 iocans
573 2253 648 2312 aut
674 2250 950 2315 indiscretus
978 2251 1187 2314 hoccidat
1214 2251 1441 2315 hominem.

430 2353 664 2439 Quicumque¹
677 2357 839 2421 incautus
855 2361 891 2421 et
906 2357 1112 2423 indiscretus
1129 2359 1190 2420 aut
1203 2357 1310 2420 iocari
1323 2357 1442 2421 volens

323 2447 384 2506 aut
407 2443 444 2506 in
459 2444 685 2510 multitudine
709 2446 953 2528 cuiuscumque
972 2447 1022 2510 rei
1038 2445 1268 2529 exinproviso
1284 2445 1438 2509 hictum¹²

321 2533 462 2596 noxium
490 2533 632 2597 mittens
660 2535 865 2617 percussisse
894 2535 1004 2617 adque
1033 2534 1222 2600 hoccidisse
1246 2534 1442 2617 quempiam

320 2622 489 2696 videatur,
526 2643 604 2686 cum
639 2626 700 2686 aut
730 2627 944 2687 sacramento
975 2626 1036 2687 aut
1065 2623 1213 2687 testibus
1244 2623 1441 2686 convictum

320 2710 437 2786 tuerit,
462 2710 544 2793 quia
565 2711 602 2774 id
625 2704 811 2795 dispositob
840 2712 971 2786 malitie
995 2715 1057 2775 aut
1079 2711 1228 2777 nocendi
1249 2711 1441 2775 volumtate

321 2800 529 2862 conmissum
558 2821 629 2863 non
658 2800 742 2876 fuit,
777 2821 849 2864 non
883 2801 1022 2883 quidem
1056 2801 1122 2864 erit
1154 2820 1332 2883 percussor
1361 2799 1435 2864 velc

321 2887 508 2952 homicidio
530 2888 670 2951 infamis
693 2888 749 2953 vel
772 2891 882 2953 morte
907 2888 1129 2966 damnabilis3
1158 2890 1240 2970 quia
1267 2891 1441 2952 mortuum

321 2977 527 3040 volumtarie
556 2998 627 3041 non
657 2977 819 3041 hoccidit.
868 2975 981 3055 Quare
1010 2981 1129 3041 tamen
1156 2977 1342 3041 indiscrete
1370 2997 1442 3060 per-

322 3065 429 3128 cussit
456 3086 520 3129 neo
543 3066 653 3130 vitare
682 3061 820 3130 casum‘l
846 3066 991 3143 studuit,
1021 3065 1145 3129 libram
1173 3067 1249 3128 auri
1278 3065 1441 3149 proximis

321 3153 426 3217 occisi
457 3154 650 3238 persolvere
681 3155 902 3238 procuravite
935 3158 970 3218 et
994 3167 1019 3220 L
1043 3154 1259 3238 flagellorum
1288 3154 1441 3218 hictibus

320 3241 508 3325 vapulavit.

404 3393 487 3450 VIII.
518 3394 687 3450 FLAVIUS
706 3394 920 3450 GLORIOSUS
938 3394 1248 3451 succussvlunus
1266 3394 1354 3451 REX.

368 3507 411 3570 Si
441 3507 537 3589 quis
567 3527 641 3589 per
670 3511 841 3571 cautam
872 3507 1158 3592 disciplinam
1188 3508 1397 3571 hoccidat

767 3597 992 3660 hominem.

430 3699 708 3784 Quemcumquea
735 3702 943 3786 discipulum
965 3702 1021 3767 vel
1045 3703 1082 3765 in
1105 3702 1298 3786 patrocimo
1321 3705 1382 3764 aut
1405 3702 1442 3764 in

322 3789 461 3853 servitio
483 3791 712 3854 constItutum
735 3811 756 3852 a
778 3792 952 3874 magistro,
977 3794 1122 3874 patrono
1138 3790 1194 3857 vel
1210 3791 1349 3854 domino
1366 3810 1441 3854 con-

280 3879 282 3883 ’
322 3879 456 3961 petenti
480 3881 515 3942 et
539 3879 687 3943 discreta
711 3879 893 3963 disciplina
916 3901 1115 3964 percussum
1130 3880 1277 3944 fortasse
1293 3879 1380 3943 mori
1399 3879 1441 3942 de

321 3965 460 4050 fiagello
485 3968 674 4051 contingat,
700 3989 778 4031 oum
798 3968 887 4031 nihil
910 3969 979 4046 ille,
1004 3969 1064 4051 qui
1087 3969 1189 4033 docet
1212 3971 1273 4031 aut
1289 3967 1439 4050 corripit,

321 4055 360 4117 in
388 4057 481 4118 hunc
508 4055 637 4120 invidie
661 4059 722 4119 aut
745 4056 877 4121 malitie
901 4057 1072 4134 habuerit,
1105 4057 1164 4139 qui
1191 4049 1307 4121 oedItb
1336 4056 1441 4120 homi·

429 4227 468 4269 VI.
509 4229 531 4276 a)
545 4229 601 4267 deest
614 4229 662 4270 132.
717 4229 740 4277 b)
754 4229 837 4268 calcem
851 4229 897 4271 111.
1438 4246 1442 4254 ·

429 4281 480 4322 ἮΙ.
507 4284 529 4330 a)
544 4282 607 4321 hictu
620 4283 669 4323 132.
709 4281 733 4329 b)
747 4279 881 4330 dispositum
895 4283 941 4324 Rl.
983 4279 1257 4334 c)veluthomicidiiRl.
1299 4279 1442 4330 d)casuR1.

322 4332 345 4384 a)
358 4335 488 4382 procurabit
501 4356 527 4363 -
541 4336 658 4384 vapulabit
671 4336 692 4373 R
701 4335 720 4376 2,

430 4388 493 4429 VIII.
533 4388 556 4440 a)
570 4388 709 4436 Quicumque
724 4388 769 4428 Rl.
824 4389 847 4437 h)
862 4389 918 4428 cesit
931 4389 979 4431 122.

324 4510 350 4578 1)
369 4511 410 4576 cf.
428 4513 519 4564 voa
539 4513 556 4566 ι.
574 4529 594 4565 c.
