3264 5206
312 528 364 582 140
496 523 575 578 Lux
593 521 708 579 Visis.
727 521 995 582 REOOESSVIND.
1032 525 1102 594 1111,
1122 529 1147 593 5,
1165 529 1243 582 1-3.

312 710 373 772 aut
396 707 482 783 avia,
514 709 612 790 pater
635 706 691 770 vel
713 709 825 772 mater
846 706 1030 784 voluerint,
1054 707 1255 792 repellendi.
1302 708 1433 772 Tamen

312 797 354 871 si,
383 795 622 879 resipiscentes
651 815 671 859 a
694 815 755 858 suo
784 814 938 872 excessu,
965 796 1101 861 veniam
1129 817 1150 859 a
1179 797 1430 881 suprascriptis,

312 885 435 967 quibus
459 883 687 960 offenderant,
715 883 974 967 inploraverint,
1004 904 1129 967 eosque
1152 885 1189 948 in
1212 885 1359 968 gratiam
1383 905 1432 949 re·

312 973 466 1057 ceperint
496 975 640 1056 paterna
670 973 800 1056 pietate
830 976 892 1036 aut
920 993 1036 1036 rerum
1058 993 1198 1038 suarum
1221 993 1432 1039 successores

311 1060 537 1136 instituerint,
567 1081 679 1143 neque
707 1061 856 1145 proiberi
879 1060 922 1124 ab
946 1081 1065 1125 eorum
1088 1061 1292 1139 hereditate,
1320 1082 1432 1144 neque

311 1153 451 1234 propter
479 1149 706 1234 disciplinam,
738 1169 806 1231 qua
833 1150 982 1234 correpti
1009 1154 1100 1227 sunt,
1131 1149 1312 1214 infamiam
1339 1154 1432 1234 pote-

311 1239 383 1301 rint
405 1237 582 1302 ullatenus
606 1238 785 1302 sustinere.

518 1389 557 1448 11.
587 1389 756 1446 ruimus
776 1389 1091 1447 efflunusvmnus
1105 1389 1226 1467 ‘anxa

313 1503 372 1568 De
396 1506 529 1587 quota
551 1505 677 1586 parte
700 1502 838 1567 liceat
867 1502 1130 1567 mulieribus
1157 1503 1357 1568 iudicare
1382 1505 1431 1568 de

714 1592 893 1655 dotibus
923 1591 1023 1654 suis.

419 1697 527 1776 Quia¹
551 1697 721 1774 mulieres,
746 1696 870 1780 quibus
887 1697 1018 1762 dndum
1034 1717 1232 1762 concessum
1253 1698 1370 1762 fuerat
1389 1696 1432 1761 de

312 1787 382 1850 suis
406 1785 545 1850 dotibus
567 1786 721 1850 iudicare
737 1786 829 1868 quod
844 1785 1043 1863 voluissent,
1068 1786 1216 1869 quedam
1236 1787 1432 1870 repperiun-

312 1879 370 1938 tur
393 1867 540 1958 spretisb
569 1874 648 1937 filiis
672 1874 727 1939 vel
750 1873 935 1958 nepotibus
965 1875 1102 1938 easdem
1131 1875 1228 1938 dotes
1258 1874 1328 1938 illis
1356 1896 1432 1939 con-

312 1965 412 2038 ferre,
438 1967 536 2026 curna
560 1961 684 2044 quibus
708 1963 903 2027 constiterit
925 1963 1084 2045 nequiter
1107 1983 1164 2027 eas
1187 1963 1320 2040 vixisse,
1345 1964 1432 2027 adeo

312 2071 449 2115 neeesse
477 2054 530 2114 est
559 2051 638 2114 illos
666 2050 789 2115 exinde
819 2051 995 2135 percipere
1019 2052 1245 2129 commodum,
1276 2072 1339 2136 pro
1362 2053 1433 2135 qui-

312 2141 376 2204 bus
400 2140 555 2203 creandis
578 2139 694 2203 fuerat
717 2139 915 2202 adsumtum
931 2139 1139 2223 coniugium.
1174 2139 1332 2223 Denique
1357 2161 1432 2204 con-

312 2228 497 2291 stituentes
527 2227 751 2304 decernimus,
787 2231 828 2290 ut
859 2229 900 2292 de
932 2229 1013 2292 dote
1043 2248 1106 2292 sua
1135 2227 1267 2306 mulier,
1299 2228 1431 2293 habens

312 2317 401 2379 filios
440 2319 501 2380 aut
538 2320 694 2399 nepotes,
738 2336 798 2380 seu
837 2336 940 2380 causa
977 2316 1145 2381 mercedis
1184 2317 1337 2382 ecclesiis
1375 2317 1431 2382 vel

311 2405 445 2468 libertis
474 2405 639 2481 conferre,
671 2406 741 2468 sive
769 2405 972 2488 cuicumque
995 2404 1154 2481 voluerit,
1185 2426 1255 2469 non
1283 2405 1432 2490 amplius

312 2514 415 2576 quam
445 2494 487 2557 de
517 2496 640 2576 quarta
670 2496 768 2577 parte
798 2496 1006 2576 potestatem
1037 2493 1189 2558 habebit.
1240 2494 1331 2558 Nam
1360 2497 1432 2559 tres

312 2585 426 2665 partes
457 2581 621 2665 legitimis
651 2581 731 2644 filiis
762 2585 823 2644 aut
852 2581 1046 2666 nepotibus,
1078 2602 1138 2646 seu
1168 2583 1213 2646 sit
1243 2603 1333 2645 unus
1361 2583 1432 2648 sive

311 2670 469 2734 forsitam
492 2671 617 2753 plures,
642 2669 770 2753 absque
794 2669 900 2734 dubio
923 2670 1088 2734 relictura
1111 2674 1172 2735 est.
1220 2671 1273 2736 De
1295 2673 1427 2735 totam⁰

310 2759 450 2823 interim
489 2758 569 2823 dote
607 2762 692 2823 tunc
730 2759 845 2822 facere
884 2759 976 2841 quod
1010 2759 1159 2824 voluerit
1195 2760 1261 2824 erit
1295 2760 1433 2824 mulieri

311 2851 473 2930 potestas
504 2849 641 2929 quando
668 2847 805 2910 nullum
834 2846 1029 2930 legitimum
1052 2847 1163 2910 filiurn
1186 2848 1345 2926 filiamve,
1377 2869 1431 2912 ne·

311 2939 427 3019 potem
460 2936 516 3000 vel
550 2939 687 3020 neptem
724 2939 916 3019 suprestem
950 2936 1138 3018 reliquerit.
1184 2937 1432 3002 Verumtamen

310 3025 448 3099 femine,
474 3045 558 3107 quas
582 3025 767 3108 contigerit
790 3023 924 3088 duobus
939 3025 1021 3088 viris
1045 3028 1106 3088 ant
1129 3024 1277 3109 amplius
1300 3024 1431 3090 nubere

312 3115 414 3194 atque
439 3133 480 3176 ex
503 3113 550 3177 eis
574 3113 663 3176 filios
687 3133 875 3196 procreare,
899 3134 970 3176 non
993 3113 1042 3177 eis
1065 3113 1201 3195 licitum
1225 3115 1290 3178 erit
1314 3115 1432 3178 dotem

311 3201 354 3264 ab
378 3201 446 3264 alio
470 3202 594 3264 marito
618 3204 796 3284 acceptam
811 3201 891 3264 filiis
916 3203 977 3264 aut
1000 3201 1184 3285 nepotibus
1208 3223 1249 3266 ex
1273 3202 1341 3266 alio
1357 3203 1431 3267 viro

310 3289 436 3371 genitis
468 3290 565 3366 dare;
597 3291 657 3354 sed
686 3290 920 3373 unusquisque
951 3289 1042 3354 filius
1072 3289 1200 3368 filiave,
1231 3311 1338 3375 nepos
1369 3295 1430 3354 aut

309 3379 423 3460 neptis
454 3398 495 3442 ex
520 3372 607 3441 illa(1
641 3377 734 3442 linea
762 3378 935 3462 procreati
964 3379 1090 3455 dotem,
1122 3399 1222 3462 quam
1255 3399 1338 3443 avus
1368 3384 1430 3443 aut

310 3468 409 3549 pater
425 3471 563 3530 eorum⁸
583 3470 806 3544 concesserat,
825 3468 904 3550 post
919 3465 1073 3531 mulieris
1088 3466 1222 3531 obitum
1237 3489 1299 3552 per
1314 3469 1430 3531 omnia

310 3555 462 3618 secuturi
485 3557 576 3617 sunt.

521 3706 578 3764 111.
608 3705 775 3763 FLAVIUS
794 3706 1108 3764 enmonsvfflnus
1126 3707 1214 3764 REX.

310 3818 369 3883 De
400 3819 483 3896 his,
514 3840 594 3902 que
624 3823 830 3972 parentdes
857 3822 1053 3970 iefflpm
1080 3820 1335 3905 nuptiarum
1363 3823 1429 3887 de-

804 3928 898 3972 errn
952 3954 960 3970 .

416 4012 614 4098 Quidquid2
640 4015 827 4079 indiscreta
854 4017 1037 4098 parentum
1058 4014 1251 4080 volumtate
1278 4017 1428 4082 decerni-

307 4105 375 4178 tur,
400 4103 505 4187 legali
527 4123 665 4168 necesse
689 4106 741 4168 est
764 4122 908 4167 censura
923 4107 1131 4169 coerceatur.
1177 4104 1322 4184 IdciroO,
1347 4107 1429 4188 quia

415 4257 444 4298 ΙΙ.
471 4260 493 4306 a)
507 4258 564 4298 deest
577 4258 624 4301 ΕΙ,
671 4257 874 4308 b)suprortesitl.
914 4256 1239 4306 c)totainterimdotem132.
1285 4257 1309 4307 d)
1322 4259 1427 4310 ipsam.

414 4311 456 4354 111.
496 4313 519 4358 a)
533 4309 623 4352 dederit
636 4311 683 4354 1³1.

309 4416 335 4484 1)
354 4417 394 4483 Of.
414 4417 567 4484 Sohroeder,
583 4417 683 4473 ‘eecce
697 4419 722 4472 d.
736 4417 799 4473 chel.
815 4418 970 4484 Geteml,
988 4435 1016 4486 p.
1031 4420 1083 4474 153
1095 4435 1133 4486 aq.
1187 4418 1216 4485 2)
1228 4419 1269 4483 Of.
1283 4419 1429 4472 Sctroeder

309 4489 325 4539 l.
345 4504 365 4543 c.
381 4491 542 4556 p,1248q.;
561 4487 653 4556 narn,
674 4489 781 4555 (Ναούμ.
800 4489 889 4546 Sere!
904 4507 934 4558 p.
948 4491 1007 4545 124.
