3218 5202
330 543 409 599 Lux
426 543 542 601 VISIG.
561 545 832 603 REGGESSVIND.
868 545 923 615 ΠΙ,
943 550 968 616 2,
987 551 1010 602 7.
1030 551 1062 614 83
1081 552 1106 604 3.
1244 553 1278 604 97

158 727 240 792 fessi
263 728 332 791 iam
351 731 454 793 antea
469 729 623 806 fuerant3
649 729 708 793 sed
732 733 767 793 et
789 750 843 794 res
867 750 993 806 omnes,
1017 733 1172 814 tempore
1195 753 1278 817 nup-

157 816 286 879 tiarum
307 820 466 900 acceptas
489 838 550 883 seu
565 818 757 901 promissas,
782 818 907 882 mulier
928 819 984 883 vel
1008 818 1125 902 puella
1140 819 1278 885 sibimet

157 904 357 983 vindicabit,
383 907 412 969 si
434 926 495 990 per
517 907 677 971 idoneam
700 907 939 990 probationem
959 908 1155 985 convicerit,
1180 910 1278 973 mari-

157 996 267 1070 tum⁸‚
293 995 427 1078 dequo
451 994 575 1078 agitur,
601 995 663 1058 sub
687 995 913 1079 ingenuitatis
937 1016 998 1080 spe
1020 996 1086 1060 sibi
1110 998 1277 1061 sociatum

156 1081 274 1146 fuisse.
311 1081 412 1148 Oe1te
436 1084 465 1146 si
488 1076 624 1166 puelleh
649 1083 706 1148 vel
729 1083 889 1148 mulieres
913 1087 974 1148 aut
997 1085 1102 1149 etiam
1125 1086 1277 1169 ipsorum

157 1174 316 1253 parentes
343 1171 389 1246 id,
419 1172 511 1254 quod
541 1173 735 1256 predictum
764 1176 825 1249 est,
857 1174 908 1236 ita
930 1174 1063 1238 factum
1087 1174 1277 1258 adprobare

156 1253 408 1342 nequiverinti,
440 1280 554 1324 servos
583 1260 714 1344 pariter
744 1255 805 1325 etk
836 1281 955 1326 eorum
982 1261 1071 1326 filios
1099 1284 1170 1326 una
1199 1284 1277 1327 cum

155 1348 258 1428 rebus
288 1349 447 1412 omnibus
476 1349 716 1414 indubitanter
745 1350 874 1432 petitor
897 1350 1078 1416 obtinebit.
1125 1345 1211 1416 Hicl
1242 1354 1277 1416 et

158 1437 199 1500 de
228 1436 301 1500 illis
331 1437 466 1502 ancillis
496 1439 580 1501 ordo
611 1437 797 1503 servandus
827 1442 889 1515 est,
921 1459 986 1521 que
1009 1440 1091 1503 viris
1118 1440 1277 1524 ingenuis

156 1524 220 1588 tali
235 1525 358 1590 fraude
374 1529 565 1590 noscuntur
580 1547 653 1591 esse
670 1527 862 1592 coniuncte.
908 1527 998 1592 Nam
1022 1531 1058 1593 et
1074 1529 1116 1592 de
1132 1529 1275 1604 libertis,

156 1634 240 1697 quos
263 1615 315 1678 ita
334 1614 528 1679 constiterit
544 1615 726 1699 copulatus
750 1616 894 1681 existere
917 1616 1052 1681 ancillis
1076 1620 1138 1681 aut
1160 1619 1274 1695 servis,

156 1703 259 1766 huius
284 1704 481 1768 servandam
504 1705 571 1768 erit
595 1705 727 1768 sanctio
750 1704 846 1788 legis.

565 1839 653 1914 vni.¹
679 1839 863 1909 nameus.

157 1935 199 1999 si
219 1935 381 2019 absque
397 1935 643 2000 volumtate
663 1938 893 2019 parentum
914 1935 1070 2000 mulier
1086 1936 1277 2020 ingenua

331 2024 489 2087 marito
521 2043 562 2088 se
593 2024 860 2107 coniungata
891 2025 1092 2108 ingenuo.

264 2130 320 2194 Sil
343 2130 460 2215 puella
474 2129 625 2213 ingenua
644 2131 688 2193 ad
703 2130 893 2213 quemlibet
915 2124 1124 2213 ingenuuml'
1143 2133 1277 2196 venerit

155 2221 191 2282 in
215 2240 256 2284 ea
279 2220 489 2295 condicione,
520 2223 561 2283 ut
591 2239 669 2282 eum
700 2218 766 2282 sibi
793 2219 956 2281 maritum
980 2218 1149 2302 adquirat,
1181 2221 1275 2304 prius

155 2329 233 2372 cum
257 2308 372 2393 puelle
391 2307 593 2392 parentibus
610 2307 850 2390 conloquatur;
876 2311 912 2371 et
935 2307 963 2370 si
986 2308 1186 2384 obtinuerit,
1210 2311 1270 2371 ut⁰

155 2418 230 2462 eam
260 2417 401 2462 uxorem
430 2396 557 2461 habere
588 2391 730 2480 possiet,
766 2396 916 2480 pretium
952 2397 1042 2459 dotis
1075 2397 1275 2480 parentibus

155 2485 238 2562 eius,
262 2489 322 2548 ut⁰
342 2486 473 2548 iustum
490 2488 551 2562 est,
575 2485 759 2568 inpleatur.
808 2483 845 2548 Si
859 2504 940 2549 vero
956 2484 1021 2548 hoc
1036 2506 1107 2549 non
1122 2486 1276 2569 potuerit

154 2575 320 2651 obtinere,
349 2574 467 2658 puella
489 2573 526 2636 in
549 2577 733 2656 parentum
756 2576 928 2657 potestate
952 2574 1128 2637 consistat.
1175 2573 1275 2652 Quod

154 2663 184 2725 si
207 2663 335 2746 absque
354 2655 572 2746 cognitiones
591 2665 626 2726 et
643 2681 809 2726 consensu
825 2664 1007 2746 parentum
1023 2662 1143 2726 eadem
1159 2662 1276 2746 puella

154 2751 313 2835 isponteg
330 2751 439 2815 inerit
455 2751 529 2814 viro
545 2750 739 2828 coniuncta,
764 2753 800 2814 et
822 2771 898 2814 eam
921 2754 1081 2834 parentes
1103 2751 1140 2813 in
1164 2751 1277 2834 gratia

154 2841 305 2924 recipere
328 2839 513 2916 noluerint,
538 2839 662 2902 mulier
678 2859 755 2903 cum
771 2839 938 2903 fratribus
961 2839 1031 2902 suis
1054 2839 1090 2900 in
1104 2839 1275 2903 facultate

155 2932 338 3012 parentum
367 2949 438 2992 non
467 2928 630 2992 succedat
640 2929 660 3004 ²,
696 2947 759 3012 pro
788 2947 829 2992 eo
860 2928 952 3011 quod
982 2927 1054 2992 sine
1083 2928 1274 2992 volumtate

153 3010 359 3100 parentumh
378 3017 554 3081 transierit
570 3017 710 3100 pronior
725 3016 770 3079 ad
785 3017 958 3079 maritum.
1003 3015 1094 3078 Nam
1114 3016 1156 3080 de
1172 3016 1273 3080 rebus

154 3105 225 3170 suis
255 3107 284 3170 si
314 3105 445 3188 aliquid
475 3105 507 3170 ei
537 3097 715 3189 parentes¹
747 3104 874 3169 donare
904 3104 1090 3182 voluerint,
1122 3105 1274 3169 habeant

90 3222 96 3236 ·
153 3197 379 3278 potestatem;
410 3195 485 3278 ipsa
512 3213 646 3276 quoque
674 3194 717 3257 de
741 3193 877 3257 donatis
900 3195 936 3257 et
958 3192 1150 3277 profligatis
1173 3194 1274 3258 rebus

151 3283 306 3348 faciendi
328 3283 421 3365 quod
443 3282 592 3347 voluerit
615 3282 812 3346 libertatem
835 3282 988 3345 habebit.

226 3514 296 3578 111.
313 3512 526 3578 TITULUS:
564 3511 626 3576 ΒΕ
656 3512 811 3576 RAPTU
840 3511 1083 3577 VIRGINUM
1113 3511 1203 3576 VEL

581 3618 846 3683 VIDUARUM.

250 3728 279 3791 I.
316 3725 354 3790 Si
382 3727 552 3810 ingenuus
577 3726 783 3808 ingenuama
810 3725 924 3809 rapiat
947 3719 1160 3800 muliereml,
1191 3725 1274 3796 licet

314 3815 395 3969 pila:
406 3814 651 3967 ddlgdlfitatem
667 3814 799 3897 perdat,
825 3817 876 3878 ste
899 3817 1016 3878 tamen
1039 3812 1092 3876 illi
1111 3813 1274 3898 coniungi

261 4059 391 4111 g)maritus
406 4059 451 4098 121.
506 4057 530 4104 h)
544 4058 575 4095 ita
590 4057 699 4106 anam
713 4057 789 4105 puella
803 4056 839 4096 vel
855 4057 998 4100 mulier-Ra
1053 4057 1069 4104 i)
1083 4057 1272 4105 nequiveritBl.

150 4114 308 4164 mmm.
363 4111 512 4159 l)HincR1.
566 4107 782 4157 mnemndeal.

261 4167 324 4207 vm.
365 4168 388 4213 a)
406 4165 486 4214 iungat
504 4165 551 4208 121,
620 4165 653 4215 ¹b)
671 4164 769 4212 ingenuo
787 4163 834 4206 121.
915 4165 935 4211 c)
954 4167 979 4202 ut
997 4164 1026 4205 ul.
1045 4175 1072 4205 m.
1087 4167 1138 4211 poet
1156 4163 1206 4204 aad.
1220 4164 1271 4212 313

150 4223 212 4262 dom
225 4221 273 4262 Bt.
354 4217 377 4266 d)
395 4229 461 4267 posse
475 4217 524 4260 B2,
605 4219 626 4265 e)
644 4213 704 4266 quod
718 4217 764 4258 121.
844 4216 1026 4266 Ocognitloncm
1041 4221 1064 4256 et
1078 4227 1210 4256 consensum
1224 4217 1273 4258 Ba.

150 4277 175 4324 g)
190 4278 272 4322 sponte
286 4273 306 4312 R
315 4272 334 4313 2.
389 4271 413 4320 h)
427 4275 576 4320 paparentum
590 4270 636 4311 ΕΙ.
690 4271 706 4318 i)
721 4273 840 4319 parentum
854 4271 900 4311 Rl.

261 4327 318 4369 TIT.
328 4325 370 4368 111,
404 4327 426 4372 a)
440 4325 538 4372 ingenua
552 4323 598 4364 Rl.
641 4323 664 4371 b)
678 4324 762 4372 reliqua
776 4323 876 4361 rubricae
886 4334 944 4371 para
958 4323 1014 4362 aaut
1028 4323 1076 4366 132.
1117 4325 1138 4372 c)
1151 4322 1212 4362 illam
1226 4323 1272 4365 ΕΙ,

152 4453 181 4518 1)
202 4451 241 4514 Of.
260 4450 292 4505 L.
312 4451 399 4515 Bury.
417 4451 460 4514 12,
479 4450 506 4513 4,
531 4454 555 4499 ct
573 4447 651 4510 infra
670 4447 725 4512 HI,
744 4448 770 4512 4,
786 4449 809 4501 7.
912 4445 939 4513 2)
961 4447 1001 4510 Of.
1021 4447 1052 4500 L.
1073 4448 1158 4512 Bury.
1178 4449 1219 4512 12,
1238 4449 1272 4508 ‘5,·

150 4523 264 4588 Liutpr.
281 4521 364 4587 Legae
381 4522 487 4581 5.119,·
505 4519 537 4569 L.
554 4518 638 4572 lber.
657 4520 707 4580 47,·
726 4517 759 4572 R.
776 4517 929 4585 Schrocdcr‚
949 4518 993 4570 ‘D.
1006 4517 1078 4572 Re!
1094 4536 1122 4585 p.
1135 4521 1195 4572 317.

236 4627 279 4670 LL.
289 4627 359 4676 Visig.
374 4629 420 4669 ant.
1043 4625 1059 4678 7
