3220 5212
338 525 373 577 36
551 519 629 574 LEX
647 517 762 574 VISIG.
781 517 1050 574 REOOESSVIND.
1087 516 1165 586 11,1,
1184 521 1209 574 2.
1228 521 1253 574 3.

431 696 470 754 11.
498 695 667 752 FLAVIUS
686 693 900 750 GLORIOSUS
919 693 1251 750 REOOESSVINDUS⁸
1272 693 1361 752 REX.

514 807 631 888 Quod
653 807 769 870 nulli
792 807 913 890 leges
935 808 1106 872 nescire
1129 807 1278 872 liceat.

446 915 565 982 Omnis
596 915 741 979 scientia
775 933 860 978 sana
888 913 1128 979 ordinabiliter
1156 907 1270 978 vitatb
1302 915 1460 996 ignoran-

338 1006 443 1069 tiam⁰
476 1005 736 1069 execrandam0.
782 1002 874 1066 Nam
904 1022 982 1067 cum
1012 1003 1179 1087 scriptum
1209 1003 1270 1066 sit:
1304 1001 1461 1068 ‘Noluitl

338 1089 549 1177 intellegere,
580 1096 621 1157 ut
644 1092 733 1157 bene
757 1091 896 1175 ageret',
926 1086 1080 1156 certum(l
1106 1095 1168 1169 est,
1200 1092 1300 1174 quia⁰
1328 1093 1388 1174 qui
1411 1093 1461 1156 in·

337 1182 523 1266 tellegere⁰
550 1173 698 1259 noluicf,
728 1180 817 1245 bene
847 1200 949 1264 agere
971 1201 1043 1245 non
1066 1181 1245 1245 contendit
1255 1185 1284 1243 ⁸.
1330 1180 1460 1245 Nullus

339 1291 420 1354 ergo
443 1271 571 1336 idcirco
595 1269 661 1334 sibi
683 1269 827 1334 extimet
849 1268 1024 1333 inlicitum
1045 1269 1199 1334 faciendi
1221 1268 1326 1334 licere
1354 1272 1460 1352 quod-

338 1360 434 1438 libet,
459 1360 541 1443 qnia
556 1379 591 1424 se
606 1359 704 1422 novit
723 1358 840 1482 leptim
855 1359 994 1422 decreta
1009 1359 1271 1441 sanctionesque
1286 1351 1458 1423 nescireh:

338 1469 419 1512 uam
452 1441 540 1513 noni
576 1449 751 1512 insontem

337 1539 518 1601 noxiorum
541 1537 675 1601 damnis
698 1535 917 1619 inplicaverit
941 1535 1053 1619 culpa.

426 1689 483 1747 ΠΙ.
510 1688 678 1746 FLAVIUS
697 1687 933 1743 GLORIosusa
954 1687 1263 1744 RECOESSVINDUS
1281 1688 1368 1745 REX.

339 1802 459 1881 Quod
488 1805 619 1866 antea
646 1801 842 1865 ordinari
869 1801 1066 1884 oportuit
1093 1802 1269 1884 negotia
1296 1803 1460 1886 princi-

581 1911 676 1974 pum
699 1893 741 1955 et
764 1892 918 1973 postea
941 1889 1210 1974 populorum.

445 1996 540 2061 Bene
556 1996 660 2072 Deus,
686 1996 843 2060 conditor
864 2014 989 2073 rerum,
1014 1997 1198 2080 disponens
1222 1997 1365 2060 hnmani
1391 2017 1459 2062 cor-

339 2087 430 2171 poris
452 2086 609 2162 formam,
640 2085 677 2147 in
700 2077 902 2149 sublimemb
931 2088 1035 2168 caput
1066 2085 1174 2150 erexit
1197 2086 1309 2168 adque
1332 2085 1459 2150 exilio

339 2178 481 2239 cunctas
511 2173 741 2238 membrorum
771 2172 874 2237 fibras
905 2174 1029 2237 exoriri
1059 2175 1221 2238 decrevit.
1267 2174 1369 2239 Unde
1392 2177 1460 2239 hoc

339 2264 444 2328 etiam
474 2267 514 2327 a⁰
543 2263 718 2346 capiendis
752 2263 862 2326 initiis
893 2266 998 2345 caput
1027 2257 1197 2327 vocitari(l
1229 2265 1425 2347 percensuit
1437 2265 1458 2340 ²,

337 2353 491 2417 formans
513 2351 552 2414 in
572 2350 635 2414 illo
659 2355 714 2415 et0
734 2350 908 2433 fulgorem
931 2351 1135 2428 luminum⁶,
1159 2371 1201 2415 ex
1223 2372 1291 2434 quo
1310 2354 1460 2438 prospici

339 2444 478 2525 possent
507 2459 720 2523 quecumque
750 2440 854 2503 noxia
884 2440 1146 2518 concurrissent,
1178 2441 1393 2506 constituens
1421 2442 1459 2504 in

339 2551 379 2595 eo
403 2533 437 2594 et
460 2528 680 2611 intelligendi
703 2521 889 2611 vigorem‘,
914 2548 1092 2612 perquem
1108 2549 1237 2594 conexa
1260 2533 1296 2594 et
1319 2530 1460 2596 subdita

337 2618 491 2682 membra
508 2617 564 2682 vel
583 2617 784 2701 dispositiog
802 2621 938 2700 regeret
960 2617 1016 2681 vel
1039 2618 1256 2701 providentia
1272 2620 1458 2683 ordinaret.

337 2707 430 2770 Hine
455 2710 507 2772 est
531 2710 566 2771 et
589 2706 779 2790 peritorum
794 2707 1006 2770 medicorum
1021 2707 1185 2790 precipua
1201 2728 1292 2784 eura,
1316 2711 1459 2773 utente

339 2797 444 2880 capiti
473 2815 577 2878 quam
606 2795 768 2859 membris
801 2787 971 2878 incipiath
1005 2795 1140 2878 disponi
1170 2796 1328 2860 medella.
1383 2795 1459 2876 Qus

338 2886 415 2950 ideo
444 2905 515 2948 non
544 2884 706 2948 inmerito
735 2883 977 2948 ordinabiliter
1000 2885 1148 2948 exerceri
1179 2889 1347 2962 censetur,
1379 2905 1459 2949 cum

339 2974 480 3038 artificis
496 2973 621 3058 peritia
637 2973 701 3036 hec
719 2972 909 3056 dispensari
927 2975 1125 3056 patescunt;
1151 2974 1233 3056 quia
1255 2975 1284 3037 si
1307 2974 1461 3038 salutare

340 3066 443 3146 capnt
467 3062 631 3138 extiterit,
661 3061 797 3125 ratione
822 3060 965 3144 colligit,
990 3060 1140 3144 qualiter
1163 3082 1282 3126 curare
1306 3064 1461 3127 membra

340 3155 454 3216 cetera
489 3151 607 3235 possit.
659 3148 751 3212 Nam
786 3149 815 3213 si
850 3143 980 3214 arcem¹
1022 3150 1186 3215 molestia
1216 3151 1462 3235 hoccupaverit

340 3241 471 3324 capitis,
495 3259 566 3302 non
589 3232 768 3321 potueritk
793 3239 831 3300 in
847 3241 942 3302 artus
958 3232 1198 3303 dirivationes¹
1222 3241 1303 3304 dare
1326 3240 1459 3317 salutis,

340 3349 424 3411 quas
447 3329 484 3390 in
510 3347 545 3391 se
568 3327 795 3390 consumserit
817 3327 907 3409 iugis
932 3347 1036 3391 causa
1057 3327 1220 3410 langoris.
1260 3327 1462 3394 Ordinanda

340 3436 421 3499 ergo
446 3419 527 3480 sunt
550 3416 659 3499 primo
683 3415 824 3497 negotia
846 3415 1050 3500 principum,
1074 3416 1256 3480 tutandam
1279 3416 1381 3495 salus,
1407 3419 1462 3482 de-

340 3504 516 3569 fendenda
530 3504 613 3580 vita,
638 3503 753 3586 sicque
776 3504 813 3566 in
836 3504 945 3568 istatu
969 3507 1005 3568 et
1026 3505 1175 3587 negotiis
1198 3504 1352 3589 plebium
1375 3507 1462 3571 ordi-

340 3593 437 3657 natio
465 3592 655 3676 dirigenda,
685 3595 726 3656 ut
750 3593 832 3655 dum
856 3592 948 3656 salus
973 3597 1159 3677 conpetens
1183 3595 1390 3678 prospicitur
1412 3615 1461 3659 re·

341 3702 433 3764 gum,
458 3681 528 3745 fida
550 3680 723 3745 valentius
746 3684 908 3745 teneatur
931 3680 1076 3746 salvatio
1102 3681 1316 3766 populorum.

448 3836 478 3878 IL
505 3837 528 3882 a)
542 3837 575 3873 ita
584 3835 639 3883 121,-
653 3833 830 3876 Ohindesulntus
840 3836 890 3884 122,
905 3835 942 3874 uln'
955 3835 1065 3885 gloriosus
1079 3837 1148 3884 dcem
1161 3847 1239 3875 nomen
1252 3838 1309 3884 roais
1318 3837 1376 3876 deest
1385 3837 1407 3875 Ε
1415 3840 1433 3880 1.
1444 3838 1462 3880 2,

342 3890 365 3937 b)
379 3891 411 3927 ita
425 3889 479 3937 Eli
493 3889 541 3928 uita
554 3889 609 3938 1323
624 3887 650 3928 iit
663 3886 693 3929 ad
706 3889 761 3940 1313
776 3887 835 3929 ditat
848 3900 906 3932 corr.
920 3887 991 3929 dictat
1005 3889 1054 3931 Et.
1095 3892 1116 3938 c)
1129 3891 1258 3939 ignorantia
1272 3887 1402 3939 exegranda
1416 3893 1462 3933 Rl.

342 3941 366 3990 d)
385 3947 447 3981 certo
465 3946 500 3983 est
517 3942 565 3984 122.
585 3941 632 3984 El.
722 3944 743 3991 e)
762 3944 793 3980 ltu
811 3943 843 3991 Ε,·
867 3943 921 3990 qnia
938 3942 1065 3991 intelligere
1084 3943 1137 3994 1223
1163 3943 1217 3991 qnia
1235 3944 1275 3993 qui
1292 3944 1333 3985 int.
1352 3945 1395 3986 des.
1414 3945 1463 3986 ΕΙ.

342 3996 436 4044 onclet
449 3996 498 4037 121.
577 3997 601 4044 g)
618 3996 650 4033 lta
668 3995 719 4044 tw,-
742 4006 789 4035 non
807 3994 912 4035 concedit
929 3996 984 4045 825
1004 3996 1045 4035 nin
1063 3994 1141 4036 condit
1158 3997 1212 4046 R1;
1234 3994 1264 4036 ad
1282 3994 1463 4037 maledicendum

343 4046 417 4089 tendit
430 4049 484 4099 213
506 4049 781 4101 contemnam,
804 4060 850 4088 non
864 4049 988 4089 contemnit
1002 4049 1047 4091 Vl.
1114 4049 1139 4101 h)
1152 4050 1251 4091 nesciret
1264 4051 1313 4090 131.
1380 4051 1397 4099 l)
1412 4062 1434 4093 n.
1448 4051 1463 4092 i.

343 4103 386 4145 des.
400 4103 449 4145 131.
502 4101 527 4154 k)
541 4112 631 4142 causam
645 4102 693 4145 ΕΙ.

449 4154 492 4197 ΙΠ.
518 4153 662 4203 e)olrsR1.
702 4154 725 4204 b)
739 4156 788 4197 rad.
802 4167 858 4197 corr.
872 4155 967 4194 sublime
982 4155 1030 4197 122.
1071 4157 1092 4203 c)
1105 4152 1135 4194 ad
1149 4155 1198 4199 Rl.
1238 4153 1262 4204 d)
1276 4156 1355 4196 vocari
1368 4158 1463 4206 precen-

343 4209 445 4251 snltRl.
490 4209 743 4256 e)eti.lum.des.ll1.
787 4209 947 4256 flvigoreRl.
992 4205 1180 4258 vdisposiorn.
1221 4208 1348 4258 hlitaRl;
1361 4209 1463 4259 incipiad

344 4260 434 4310 disponi
447 4259 566 4301 medellam
579 4263 599 4300 R
608 4263 632 4313 25
650 4262 745 4310 incipiet
758 4259 847 4311 disponi
862 4259 950 4301 medela
963 4261 1013 4313 1⁷55
1031 4261 1145 4311 incipiunt
1158 4259 1263 4302 adhiberi
1275 4260 1394 4302 medellam
1409 4264 1461 4314 Ε1;

344 4315 455 4363 incipiant
471 4312 575 4355 adhiberi
593 4313 690 4354 medella
708 4315 757 4357 Ilii.
837 4315 854 4362 l)
872 4316 904 4353 tta
923 4314 977 4364 En·
997 4325 1050 4354 arce
1068 4316 1121 4366 Ra,
1143 4326 1211 4356 areae
1228 4316 1282 4366 E13
1303 4326 1395 4356 carnem
1414 4318 1463 4358 Rl.

344 4368 369 4420 k)
381 4369 466 4418 poterit
479 4368 528 4412 122.
581 4369 597 4416 1)
612 4366 761 4408 delibationes
775 4368 824 4411 Rl.
877 4370 908 4416 m)
922 4365 1018 4408 tutanda
1032 4369 1061 4410 al.
1075 4380 1104 4412 m.
1117 4379 1196 4408 coaeva
1209 4379 1267 4412 corr.
1281 4367 1366 4409 tuenda
1380 4371 1429 4412 Rl.

345 4491 372 4558 1)
388 4493 488 4548 Psalm.
508 4495 551 4559 35,
570 4495 596 4547 4.
669 4492 696 4559 2)
715 4491 757 4558 Of.
776 4492 879 4545 Isidori
896 4492 1013 4559 Etymol.
1032 4493 1085 4560 XI,
1104 4509 1125 4549 c.
1139 4495 1163 4559 1,
1183 4494 1226 4549 25.

804 1447 911 1511 faciet
945 1447 1140 1530 ignorantie
1175 1440 1316 1524 causak,
1357 1467 1461 1531 quem
1550 1479 1554 1486 ·
