3218 5202
301 533 335 586 96
495 529 574 584 LEX
592 529 707 587 VISIG.
726 530 995 588 Rnoonssvmn.
1031 529 1087 600 ΠΙ,
1106 534 1131 600 2,
1149 535 1228 588 5-7.

733 707 769 764 v.
800 707 985 778 auriens.

301 817 344 881 Si
387 819 648 903 quicumque
692 840 814 885 servo
859 821 1005 884 alieno
1049 819 1258 884 ancillam
1303 840 1423 884 suam

321 907 390 970 vel
420 927 544 972 servo
575 928 649 972 suo
680 907 868 973 alienam
899 909 1141 992 coniungat
1171 909 1391 973 ancillam.

407 1010 621 1096 Quicumque
652 1014 813 1078 ancillam
844 1035 940 1078 suam
971 1035 1066 1079 servo
1097 1013 1209 1079 alieno
1240 1015 1313 1079 sine
1344 1035 1422 1079 con·

300 1101 465 1165 scientia⁸
493 1102 623 1166 domini
646 1102 699 1166 sui
721 1123 863 1167 uxorem
887 1104 1030 1180 dederit,
1063 1106 1098 1168 et
1126 1103 1191 1167 hoc
1219 1102 1322 1167 certis
1345 1124 1421 1187 pro·

300 1189 497 1254 bationibus
520 1191 725 1268 inveniatur,
751 1191 908 1255 dominus
933 1192 1021 1256 servi
1037 1190 1199 1255 ancillam
1214 1192 1324 1276 ipsam
1340 1213 1422 1255 cum

300 1277 380 1341 tiliis
404 1279 624 1342 omnismodis
648 1279 717 1342 suis
740 1273 968 1344 vindicavitl'.
1016 1279 1182 1344 Similiter
1213 1283 1248 1344 et
1279 1281 1321 1344 de
1348 1279 1422 1343 illis

300 1367 507 1444 ordinamus,
532 1367 591 1450 qui
615 1387 712 1432 servo
735 1387 796 1431 suo
820 1368 982 1432 ancillam
1006 1367 1154 1432 alienam
1173 1368 1420 1445 coniuncxerit,

299 1458 339 1518 ut
363 1455 570 1520 conditionis
593 1457 657 1520 hec
680 1456 793 1520 forma
815 1460 980 1521 servetur.
1077 1479 1080 1486 ’

726 1645 777 1702 vr.
809 1643 992 1714 ANTIQUA.

323 1755 366 1820 Si
393 1756 552 1821 mulier
582 1757 764 1822 absente
792 1758 883 1821 viro
914 1757 1049 1820 alium
1079 1757 1166 1822 sibi
1195 1758 1398 1822 maritum

753 1846 962 1910 adsumat.

405 1951 514 2014 Nulla
541 1951 664 2016 mulier
691 1952 764 2016 viro
793 1972 854 2016 suo
883 1951 1024 2016 absente
1055 1952 1156 2016 alteri
1182 1953 1257 2016 viro
1285 1973 1320 2016 se
1348 1973 1421 2036 pre·

300 2043 413 2103 sumat
429 2040 645 2123 coniungere,
662 2060 770 2123 usque
787 2040 890 2102 dum⁸
910 2040 953 2105 de
967 2041 1042 2104 viro
1058 2060 1119 2104 suo
1136 2040 1238 2105 certis
1255 2045 1421 2124 agnoscat

298 2127 444 2204 indiciis
476 2129 505 2191 si
534 2149 613 2193 vere
643 2132 799 2192 mortuus
830 2128 947 2193 fuerit.
994 2126 1095 2207 Quod
1118 2129 1277 2194 similiter
1299 2132 1335 2193 et
1357 2129 1419 2193 ille

298 2217 459 2298 inquirat,
491 2217 550 2299 qui
581 2238 656 2281 eam
687 2217 753 2280 sibi
779 2217 856 2281 vult
885 2217 921 2280 in
950 2217 1109 2301 coniugio
1138 2211 1334 2301 copularel.
1381 2218 1420 2281 Si

298 2325 378 2368 vero
408 2305 474 2369 hoc
504 2305 617 2369 facere
649 2305 849 2369 distulerint
879 2309 915 2370 et
943 2306 990 2370 sic
1020 2309 1075 2370 se0
1105 2306 1241 2370 inlicita
1270 2326 1419 2390 presum-

298 2393 392 2457 tione
409 2393 678 2471 coniuncxerint,
703 2397 739 2458 et
761 2394 980 2478 postmodum
996 2394 1089 2478 prior
1104 2395 1249 2458 maritus
1264 2415 1419 2459 reversus

299 2481 414 2558 fuerit,
447 2482 547 2546 ambo
571 2482 603 2546 ei
625 2483 662 2545 in
685 2485 858 2566 potestate
881 2481 1074 2559 tradantur,
1106 2486 1156 2559 ut,
1187 2484 1279 2565 quod
1303 2484 1345 2548 de
1369 2484 1419 2548 eis

299 2569 412 2634 facere
435 2570 594 2647 voluerit,
626 2591 687 2634 seu
715 2565 914 2648 vindendid,
946 2591 1006 2635 seu
1036 2571 1119 2653 quid
1149 2571 1238 2634 aliut
1267 2571 1419 2637 faciendi

299 2658 426 2722 habeat
450 2661 669 2742 potestatem.

506 2829 573 2887 VII.
604 2829 771 2886 FLAVIUS
791 2828 1105 2885 GHINDASVINDUS
1122 2829 1211 2887 REX.

300 2940 343 3004 si
371 2941 550 3018 domini,
583 2962 729 3006 servos
758 2962 857 3006 snos
885 2963 977 3006 esse
1005 2943 1272 3006 mentientes
1300 2942 1418 3026 inge·

335 3050 458 3107 nuos,
487 3030 749 3095 mulieribus
773 3051 843 3095 eos
868 3031 1140 3114 coniungant
1164 3031 1379 3114 ingenuis.

404 3137 648 3200 Resistendum
678 3140 731 3201 est
758 3158 944 3221 pravorum
974 3137 1126 3215 ausibus,
1162 3157 1205 3200 ne
1238 3137 1419 3221 pravitatis

299 3224 446 3308 amplius
476 3225 575 3288 frena
604 3225 774 3290 laxentur.
821 3225 981 3308 Plerique
1012 3226 1112 3302 enim,
1144 3226 1259 3289 studio
1289 3225 1418 3309 cupidi·

298 3312 381 3375 tatis
404 3313 534 3390 inlecti,
566 3313 678 3378 solent
701 3313 876 3378 interdum
899 3314 1060 3379 mulieres
1082 3313 1250 3397 ingenuas
1273 3313 1419 3398 puellas·

299 3421 364 3484 que
399 3421 502 3484 prave
534 3401 705 3484 decipere,
741 3406 798 3466 eta
831 3402 1034 3466 simulantes
1064 3403 1108 3466 ad
1138 3406 1274 3486 tempus
1304 3422 1418 3467 servos

299 3510 377 3552 suos
401 3508 473 3553 esse
496 3490 674 3572 ingenuos
699 3484 878 3554 ortanturb
903 3510 960 3555 eas
983 3491 1124 3555 maritos
1149 3491 1229 3555 illos
1252 3490 1416 3574 accipere,

298 3597 383 3660 quos
407 3581 536 3660 postea,
560 3579 651 3642 natis
667 3579 831 3662 prolibus,
855 3579 893 3642 in
916 3580 1138 3644 servitutem⁰
1158 3578 1261 3643 facile
1285 3579 1418 3662 possint

298 3666 471 3730 reducere.
518 3665 567 3730 Ut
591 3687 671 3751 ergo
694 3667 827 3732 fraudis
850 3668 953 3731 huius
977 3668 1092 3732 aditus
1116 3668 1316 3752 extirpetur,
1345 3687 1418 3750 pre·

299 3755 389 3819 senti
411 3750 560 3838 iugiter‘1
579 3776 740 3818 mansura
762 3756 838 3839 lege
861 3756 1062 3833 sanccimus,
1086 3759 1127 3819 ut
1146 3757 1345 3840 deceptores
1368 3755 1419 3819 rei

298 3842 398 3905 istius
422 3843 604 3908 manifeste
629 3844 758 3908 detecti
782 3845 948 3919 crimine‘³¹
968 3848 1153 3908 notentur⁰
1180 3844 1357 3921 infamiee,
1382 3846 1419 3907 et

298 3930 365 4008 illi,
401 3951 486 4013 quos
521 3931 583 3995 sub
618 3933 756 3996 nomine
790 3933 1016 4017 ingenuitatis
1047 3933 1231 3998 antedictis
1263 3931 1419 4016 personis

299 4019 544 4103 repperiuntur
560 4021 759 4098 adsociasse,
785 4022 832 4086 sic
855 4022 998 4105 ingenui
1013 4042 1092 4086 cum
1107 4021 1187 4085 filiis
1211 4021 1280 4084 suis
1301 4041 1418 4104 peren·

298 4107 390 4172 niter
413 4111 584 4186 maneant,
609 4109 699 4174 sicut
722 4129 779 4174 eos
802 4103 975 4194 ipsorumf
1002 4111 1132 4173 domini
1154 4111 1322 4194 ingenuos
1344 4129 1420 4192 pro-

406 4298 433 4339 V.
474 4301 496 4346 a)
511 4299 671 4339 conscientiam
686 4300 731 4341 ΕΙ.
785 4300 808 4348 b)
822 4298 1010 4343 vindicabitm.

300 4401 324 4451 d)
337 4351 501 4444 veneng{.Rp)
515 4353 627 4396 deestRl.
674 4353 825 4402 b)c0puR1,
841 4353 1007 4396 ubilaredoest.
1055 4356 1076 4402 c)
1090 4353 1254 4402 delegandum
1268 4353 1328 4392 sine
1343 4352 1420 4395 Bm.

376 4457 457 4499 ·v11.
494 4436 564 4509 'amn
578 4459 625 4502 nr.
687 4458 710 4507 b)
725 4458 845 4498 rorantur
859 4460 908 4501 aa
968 4458 989 4500 a
1003 4459 1114 4499 servitute
1128 4459 1174 4501 ιιι,
1235 4455 1259 4508 a)
1273 4458 1358 4507 higitur
1372 4459 1420 4502 131.

300 4508 322 4560 e)
336 4510 420 4550 crimen
436 4509 543 4551 dotentur
557 4512 603 4554 121.
656 4512 749 4561 oipsos
763 4513 815 4562 1113
835 4523 873 4552 eos
887 4513 943 4551 deest
957 4512 1005 4555 Η,
1060 4525 1061 4528 ’
