3218 5202
367 520 446 577 LEX
463 520 579 579 visIs.
598 519 867 577 anconssvnin.
903 519 1075 589 11,2,1.2.
1249 524 1283 576 59

239 708 288 770 II.
305 705 519 770 TITULUS:
545 705 607 770 DE
631 703 943 770 NEGOTIORUM
966 702 1204 769 EXORDIIS.

258 851 286 915 Ι.
323 849 423 930 Quod
452 849 571 912 nullus
599 868 634 912 se
661 848 740 912 ideo
771 847 962 930 denegarea
989 847 1118 932 poterit
1147 867 1284 930 respon-

322 939 403 1003 dere
446 938 593 1024 petenti,
638 957 743 1020 quare
787 929 944 1000 causamb
988 957 1066 1000 cum
1107 928 1278 1019 petentisb

322 1031 462 1092 auctore
485 1048 555 1091 non
579 1027 715 1090 dixerit.

235 1119 284 1184 II.
320 1119 370 1182 Ut
398 1109 496 1180 nullo
528 1115 724 1180 audientia⁰
758 1115 905 1179 clamore
941 1117 1002 1176 aut
1031 1113 1183 1177 tumulto
1213 1116 1282 1175 tur-

321 1207 432 1271 betur.

213 1297 284 1361 III.
320 1297 370 1360 Ut
393 1294 435 1359 de
459 1294 618 1378 plurimis
641 1293 876 1376 litigatoribus
900 1292 968 1355 duo
990 1291 1173 1374 eligantur,
1198 1285 1279 1374 qui‘l

321 1388 480 1469 suscepta
502 1383 642 1448 valeant
666 1382 825 1466 expedire
848 1375 1023 1465 negotiad.

192 1475 284 1540 IIII.
320 1474 370 1537 Ut
398 1473 496 1536 ambe
527 1474 643 1556 partes
667 1471 883 1535 causantium
907 1473 946 1534 ae
974 1469 1088 1533 iudice
1111 1469 1167 1533 vel
1190 1489 1211 1531 a
1234 1489 1281 1532 sa·

320 1564 398 1626 ione
422 1555 504 1647 perf
525 1561 693 1646 placitum
717 1559 979 1642 distringantur,
1004 1562 1094 1641 quog
1120 1550 1278 1643 possinth

321 1653 365 1716 ad
388 1649 664 1736 prosequendum
686 1649 864 1732 negotium
887 1648 1016 1732 pariter
1040 1647 1232 1710 convenire.

241 1743 282 1807 V.
320 1741 420 1822 Quod
444 1741 487 1804 ab
503 1743 649 1822 utraque
674 1738 891 1802 causantium
914 1729 1031 1821 parte¹
1055 1736 1100 1799 sit
1122 1736 1281 1820 probatio

319 1830 536 1913 requirenda.

221 1921 283 1985 VI.
319 1920 373 1984 De
397 1919 592 2002 quantitate
615 1917 759 1994 itineris,
791 1915 882 1999 quod
913 1908 1042 1978 aliumk
1067 1915 1210 1998 quisque
1233 1914 1281 1977 in·

319 2010 465 2073 nocente
489 2007 638 2090 fatigare
661 2005 894 2090 presumserit.

200 2099 282 2164 VII.
319 2097 357 2162 Si
379 2097 526 2180 quilibet
550 2117 591 2160 ex
614 2095 757 2159 alterius
780 2093 904 2158 iudicis
932 2095 1105 2176 potestate
1134 2093 1172 2155 in
1200 2093 1281 2156 alte-

319 2187 391 2250 rius
414 2185 538 2250 iudicis
561 2177 752 2249 territorio¹
783 2183 911 2247 habeat
935 2202 1082 2245 causam.

181 2277 283 2342 VIII.
320 2276 374 2340 De
397 2275 461 2352 his,
486 2275 546 2358 qui
568 2274 606 2338 in
622 2273 732 2337 causis
756 2272 877 2337 alienis
901 2271 1117 2355 patrocinare
1133 2289 1281 2354 presum-

321 2365 428 2429 serint
436 2369 470 2426 ¹¹¹.

161 2455 283 2520 VIIII.
319 2455 369 2518 Ut
398 2453 532 2537 petenti
567 2472 663 2516 servo
696 2450 810 2514 alieno
843 2448 1077 2533 respondere¹¹
1110 2449 1280 2531 ingenuus

319 2563 390 2607 non
413 2543 559 2607 recuset.

705 2710 729 2768 Ι.

162 2826 282 2906 Quod
305 2827 458 2913 nullus
482 2846 524 2890 se
548 2826 645 2889 ideo
670 2825 886 2907 denegare
915 2822 1084 2907 poterit
1107 2843 1280 2906 respon-

162 2917 261 2981 dere
308 2915 498 2999 petenti,
550 2934 681 2997 quare
728 2932 899 2977 causam
945 2933 1036 2975 cum
1082 2912 1280 2994 petentis

439 3006 686 3067 auctorema
712 3023 797 3066 non
827 3001 1002 3066 dixerit.

266 3109 395 3174 Nullus
425 3101 693 3193 quemcumqueh
727 3111 942 3194 repetentem
972 3110 1031 3171 ac⁰
1064 3106 1277 3170 obiectione⁰

163 3199 363 3284 suspendat,
397 3202 438 3261 ut
468 3199 562 3262 dicat
591 3199 719 3262 idcirco
750 3218 785 3262 se
815 3217 885 3261 non
916 3216 1014 3282 posse
1045 3195 1087 3261 de
1116 3189 1279 3278 negotiod

163 3289 346 3366 conveniri,
378 3288 459 3370 quia
480 3287 550 3365 ille,
566 3288 634 3370 'qui
657 3286 783 3370 pulsat,
809 3306 947 3350 causam
971 3307 1049 3348 cum
1072 3285 1145 3349 eius
1169 3287 1283 3348 aucto·

162 3382 252 3442 rem⁰
280 3397 351 3440 non
376 3371 502 3440 dixerit
523 3397 588 3440 nec
612 3397 691 3440 eum
714 3375 830 3458 aliqua
852 3375 1060 3458 repetitione
1084 3373 1281 3458 pulsaverit,

164 3458 327 3551 exceptof
354 3465 383 3529 si
405 3465 523 3548 legum
545 3468 703 3550 tempora
725 3464 886 3528 obviareg
911 3463 1164 3528 monstraverit.

382 3653 421 3711 Π.
452 3653 621 3710 Fulvius
641 3652 954 3709 OHINDASVINDUS
972 3651 1059 3708 REX.

207 3769 263 3832 Ut
295 3767 421 3831 nullo
452 3767 684 3832 audientia
714 3766 902 3830 clamore
938 3767 1012 3830 aut
1046 3761 1239 3828 tumulto

612 3856 829 3919 turbetur.

269 3963 460 4027 Audientia
488 3983 558 4027 non
584 3963 737 4026 tumulto
761 3965 822 4025 aut
846 3961 993 4025 clamore
1021 3961 1192 4036 turbetur,
1224 3958 1284 4022 sed

165 4051 201 4114 in
215 4054 314 4136 parte
330 4051 452 4135 positis
468 4052 528 4134 qui
543 4071 681 4115 causam
696 4072 767 4116 non
783 4051 923 4127 habent,
947 4049 1001 4113 illi
1016 4048 1081 4113 soli
1103 4049 1140 4111 in
1155 4047 1284 4111 iudicio

271 4259 400 4301 TITULUS
415 4260 445 4302 11.
479 4259 551 4298 Index
564 4260 716 4308 capitulorum.
757 4260 780 4308 a)
794 4257 901 4308 denegari
915 4259 963 4302 121.
1024 4257 1047 4306 b)
1062 4268 1130 4298 causa
1144 4257 1285 4306 conpetentis

167 4317 279 4354 auctorem
293 4314 343 4356 121.
425 4315 446 4362 c)
460 4312 591 4354 audientiae
605 4314 653 4356 121.
735 4311 759 4361 d)
773 4313 812 4361 qui
826 4334 852 4342 -
866 4312 957 4362 negotia
970 4313 1014 4354 des.
1028 4313 1077 4354 121.
1157 4313 1178 4359 e)
1193 4307 1222 4350 ad
1236 4311 1285 4352 121.

167 4365 252 4413 Odecct
265 4366 315 4410 122.
376 4368 399 4415 g)
413 4365 474 4415 quod
488 4368 542 4418 1215
565 4377 609 4415 quo
624 4389 650 4396 -
665 4367 787 4406 convenire
800 4366 844 4409 dcc.
858 4367 907 4406 121.
969 4366 993 4414 h)
1006 4365 1082 4414 posint
1095 4365 1144 4407 122.
1204 4364 1221 4412 i)
1234 4373 1286 4412 par-

168 4422 210 4458 tcrn
223 4421 272 4463 121.
334 4420 460 4470 k)aba110
475 4421 524 4464 121.
584 4419 601 4469 l)
616 4421 754 4460 territorium
769 4421 817 4463 121.
871 4421 901 4468 m)
915 4419 1014 4460 voluerit
1027 4420 1075 4461 121.
1129 4419 1153 4465 n)
1167 4418 1224 4456 dccet
1237 4417 1285 4460 121.

271 4475 288 4516 1.
329 4476 352 4523 a)
366 4478 446 4514 autore
460 4475 509 4516 121.
563 4473 586 4522 b)
600 4484 741 4523 quecumque
755 4475 803 4515 121.
858 4471 1155 4521 c)ita121;action0121.
1209 4467 1232 4518 d)
1246 4480 1286 4508 ne-

169 4526 295 4573 301111121.
350 4529 371 4575 c)
386 4532 488 4568 autorem
502 4527 552 4570 122.
606 4525 662 4576 nid
675 4531 768 4576 accepto
783 4527 831 4569 122.
886 4526 908 4578 g)
922 4526 1026 4566 obiacere
1041 4526 1089 4567 121.
