3214 5198
375 497 453 552 LEX
471 497 588 554 VISIG.
606 498 877 555 Rnccnssvnm.
913 499 981 569 XII,
999 505 1025 569 2,
1040 503 1082 556 17.
1239 506 1292 559 313

169 683 280 746 Dens:
314 681 398 763 quiq
431 703 472 746 ex
501 682 601 745 nobis
632 683 775 746 horumr
803 683 957 746 omnium
979 683 1034 746 vel
1057 684 1160 746 unius
1182 687 1291 746 trans·

169 790 304 853 gressor
331 771 493 834 inventus
523 765 685 852 [fuerit⁸]‚
717 774 778 834 aut
802 793 822 834 a
845 772 944 835 nobis
968 772 1106 854 ignibus
1130 773 1184 836 vel
1208 773 1290 857 lapi·

170 860 272 922 dibus
302 859 500 942 perimatur,
538 862 608 935 ant,
644 860 673 922 si
703 860 796 922 hnnc
827 861 872 923 ad
901 861 1009 924 vitam
1039 860 1147 943 glorie
1178 865 1289 924 vestre

169 948 394 1011 reservaverit
413 948 534 1030 pietas,
559 969 638 1010 mcx
658 949 782 1012 amissa
804 948 967 1012 libertate
989 953 1062 1011 tam
1085 969 1164 1013 eum
1187 970 1290 1032 quam
1335 1009 1341 1026 ,

169 1056 306 1100 omnem
335 1036 386 1099 rei
415 1037 523 1119 ipsius
557 1036 764 1100 facultatem
799 1038 855 1100 cui
886 1037 1057 1119 elegeritis
1093 1038 1289 1121 perenniter

169 1121 450 1188 deserviendumt
487 1125 637 1200 donetis,
669 1124 724 1188 vel
754 1126 922 1208 quidquid
955 1146 996 1190 ex
1026 1146 1065 1190 eo
1096 1130 1157 1190 aut
1186 1126 1288 1190 rebus

168 1214 242 1276 eius
270 1213 385 1277 facere
413 1214 589 1290 iusseritis,
621 1234 691 1276 non
720 1214 832 1277 solum
860 1235 901 1278 ex
923 1216 1022 1297 regni
1044 1216 1149 1280 vestri
1173 1219 1289 1298 poten-

168 1301 264 1377 tiam,
296 1303 357 1365 sed
386 1302 490 1376 etiam
519 1323 559 1366 ex
588 1303 691 1365 huius
714 1303 835 1386 placiti
858 1304 967 1366 nostri
992 1304 1173 1386 sponsione
1197 1308 1288 1388 pote-

167 1393 296 1453 statem
319 1389 465 1453 liberam
488 1390 656 1454 habeatis.

275 1478 383 1541 Facto
406 1478 536 1561 placito
559 1480 622 1542 sub
647 1480 702 1543 die
723 1480 925 1543 duodecimo
948 1481 1113 1544 kalendas
1132 1481 1286 1551 Martias,

167 1587 260 1629 anno
283 1566 433 1630 feliciter
457 1571 553 1631 sexto
576 1568 675 1651 regni
698 1568 806 1651 glorie
830 1572 942 1633 vestre
953 1569 973 1646 ¹,
998 1569 1035 1631 in
1059 1569 1125 1632 Dei
1149 1569 1287 1632 nomine

167 1655 299 1718 Mem
609 1744 839 1808 nxrmcrr.

274 1936 297 1982 q)
312 1935 365 1982 quia
380 1935 418 1983 qui
431 1935 480 1977 El.
495 1936 541 1976 ulit.
603 1934 622 1985 r)
636 1947 699 1975 orum
714 1937 760 1977 ΕΙ.
823 1939 843 1982 s)
856 1937 913 1975 decet
927 1938 973 1979 ΕΙ.
1037 1940 1054 1983 t)
1068 1938 1099 1974 itu
1114 1937 1161 1978 El.
1176 1937 1229 1984 alis]-
1248 1934 1286 1975 de·

167 1985 289 2026 servienda
304 1989 350 2029 ΕΙ,

169 2128 196 2194 1)
213 2129 246 2180 Si
263 2146 330 2180 cant
348 2146 466 2181 carcerat
484 2136 566 2182 tetrus
582 2133 661 2195 repni
678 2138 865 2197 numerantur,
885 2139 922 2183 cst
940 2134 966 2186 d.
985 2133 1026 2187 18.
1043 2133 1121 2185 Febr.
1140 2103 1208 2183 anni
1225 2133 1286 2196 654,

165 2203 192 2252 ai
209 2203 278 2251 anni
294 2203 374 2266 repat
386 2209 449 2267 post
467 2209 576 2253 mortem
592 2205 691 2269 patric,
712 2205 780 2253 anni
798 2204 858 2257 658.
