3220 5212
610 555 840 615 PRAEFATIO.
1237 557 1282 614 XI

30 747 31 750 ’
165 742 255 822 Qrwd
282 739 337 805 ille
366 741 405 805 de
433 739 535 820 lepam
562 739 742 806 recensione
772 739 945 806 Reocaredi
968 740 1000 803 Ι.
1030 747 1119 820 tacet,
1147 739 1281 805 marcioni

30 861 31 864 ¹
158 828 309 894 momenti
330 834 359 893 et
375 827 531 909 ponderis
552 833 606 893 est.
657 828 746 894 Gertc
769 827 862 909 enim,
892 827 922 894 si
944 850 996 895 res
1020 835 1085 894 tam
1109 828 1281 894 laudabilis

30 923 32 984 i
159 939 181 981 o
202 938 275 1000 repe
291 916 400 999 primo
430 916 581 982 catholico
609 917 698 997 facto
726 917 848 999 fnisset,
879 938 944 982 non
972 916 1128 999 tacuisset,
1159 917 1214 1000 qni
1243 918 1280 984 de

30 1005 31 1034 ³
159 1007 262 1088 lepnm
307 1004 462 1071 recisione
508 1005 686 1088 Leooipildi
734 1005 884 1072 laeretici
928 1012 1074 1072 accurate
1118 1007 1279 1071 retulerat.

30 1129 32 1148 ι
158 1096 304 1176 Fontem,
333 1115 372 1159 ec
399 1115 459 1177 qno
482 1094 625 1160 hauserit
646 1093 862 1176 interpolator,
893 1116 958 1160 non
981 1093 1135 1160 norimus.
1181 1095 1279 1177 Epai-

30 1183 31 1186 ’
159 1185 228 1248 dem
251 1189 356 1248 antero
379 1182 566 1249 crediderim
588 1204 659 1248 enm
681 1184 738 1249 troc
760 1184 826 1248 loco
848 1183 968 1262 falsam
990 1204 1082 1248 snam
1104 1184 1142 1250 de
1165 1183 1279 1250 Becco·

158 1274 233 1336 redo
269 1271 448 1354 opinionem
481 1293 521 1336 cn
552 1271 725 1355 eamnplmi
759 1274 895 1354 quodam
922 1271 1019 1354 Lepis
1045 1271 1279 1354 Vrsipotlornm

159 1359 465 1426 Reocoewindianae
479 1360 657 1443 sumpsisse,
680 1360 735 1426 nbi
751 1381 815 1443 pro
830 1360 1066 1443 Reccessoindo,
1089 1367 1125 1424 at
1141 1361 1279 1443 pleram-

159 1469 217 1530 qne
240 1449 362 1528 factam
384 1454 438 1531 est,
462 1449 596 1516 Recede
618 1449 770 1532 scriptam
792 1454 861 1514 erat
881 1450 930 1515 ael
952 1449 1034 1528 forte
1051 1470 1114 1531 pro
1130 1449 1186 1514 loc
1202 1471 1279 1515 corn-

153 1537 273 1618 pendio
300 1539 516 1604 Rscoarodus
546 1538 712 1620 lepebotar,
742 1544 779 1602 nt
806 1558 855 1602 en.
881 1559 931 1621 pr.
961 1537 999 1602 in
1025 1537 1128 1604 codice
1152 1538 1278 1604 Skollo·

158 1632 286 1691 sterono
302 1626 489 1708 pleramqne
505 1647 569 1709 pro
591 1626 818 1692 Reccessoindo
841 1625 955 1708 lepitnr
976 1628 1178 1694 Rsooareus.
1223 1627 1279 1692 Ea

30 1767 32 1800 ,
158 1714 386 1796 subscriptione
403 1720 507 1780 antem
521 1714 627 1780 nltimi
642 1714 755 1797 capitis
770 1715 867 1798 Lepis
881 1714 1194 1796 Reccnsonotonoe,
1207 1716 1278 1798 plo·

30 1803 31 1886 ᾗ
160 1802 213 1868 citi
235 1802 354 1868 scilicet
375 1805 459 1884 qnod
475 1810 577 1869 enstat
594 1803 683 1885 XII,
701 1810 731 1884 2,
748 1810 797 1884 17,
821 1803 915 1883 infra
931 1825 967 1886 p.
985 1809 1065 1869 313:
1090 1826 1181 1870 anno
1203 1805 1278 1870 feli-

30 1935 32 1976 ,
160 1893 245 1958 citer
269 1897 367 1958 sexto
390 1894 488 1976 regni
511 1893 621 1977 glorie
644 1895 766 1971 venre,
790 1893 873 1957 male
895 1895 933 1958 de
948 1893 1136 1974 Reccaredo‚
1160 1914 1226 1958 non
1241 1896 1278 1959 de

160 1980 388 2046 Reccessoindo
428 1981 597 2063 intellecta,
644 1980 900 2064 interpolatorem
939 1980 1088 2064 temporis
1123 1981 1278 2047 indicium

159 2068 327 2151 sumpsisse
361 2069 616 2134 epistimaoerim.
670 2070 711 2137 Ut
739 2077 844 2134 antem
873 2071 1022 2151 crederet,
1055 2067 1278 2152 ‘compendiose

30 2187 33 2214 ι
160 2157 374 2224 abbreviatam
396 2159 470 2224 esse'
499 2159 583 2224 lanc
605 2157 683 2241 lepis
705 2159 845 2238 formam
867 2179 901 2224 re
924 2180 1000 2223 aero
1021 2158 1159 2240 culpatis
1181 2179 1277 2224 esem·

30 2263 31 2282 ¹
153 2246 303 2328 plaribns
315 2246 494 2328 breviorem,
507 2247 604 2327 facile
609 2247 714 2330 potnit
724 2247 858 2328 adduci·
869 2247 1016 2312 similiter
1024 2246 1277 2312 etiomMBon-

160 2341 231 2416 pnet
253 2335 389 2401 codicem
407 2335 504 2418 Lepis
518 2335 824 2402 Reccessoindianae
847 2331 942 2413 (Ood.
959 2335 1067 2400 Paris.
1085 2337 1159 2401 Lot.
1176 2341 1279 2418 4668,-

161 2423 201 2502 cf.
216 2423 311 2505 infra
328 2445 364 2506 p.
379 2425 480 2507 XVI),
503 2424 580 2506 qnia
600 2423 724 2490 mercior
745 2430 823 2505 erat,
847 2423 1060 2490 albranatnm
1082 2424 1278 2491 existimasse

30 2505 32 2594 l
160 2511 301 2594 oidetnr,·
324 2512 366 2593 cf.
383 2513 444 2577 Fr.
459 2513 605 2594 Brenno,
631 2510 862 2578 ‘Tectosloritilc'
879 2536 915 2596 p.
934 2519 963 2576 3.
998 2513 1054 2577 Ita
1076 2513 1197 2593 factam
1212 2535 1277 2580 esse

161 2599 291 2683 oidetnr,
316 2607 352 2666 at
370 2602 529 2685 exemplar
543 2601 627 2666 illnd
647 2601 869 2684 interpolatam
886 2601 1008 2666 Isidori
1023 2602 1189 2668 Historiae
1212 2624 1277 2668 non

160 2689 258 2754 solam
281 2692 319 2754 de
342 2690 444 2771 lepnm
466 2689 663 2756 institutione
679 2688 795 2755 Earicl
818 2697 847 2755 et
864 2692 903 2755 de
917 2690 1072 2756 recisione
1088 2691 1275 2772 Leooipildi,

31 2803 33 2850 i
159 2778 330 2844 sedetiam
353 2781 390 2844 de
413 2779 515 2860 lepnm
537 2777 718 2862 compendio
741 2801 763 2843 a
778 2779 957 2845 Boccaredo
979 2778 1066 2858 facto
1088 2779 1230 2858 referret.

265 2867 463 2949 Frapmenta
486 2867 566 2950 lepos
581 2869 622 2932 ab
637 2866 758 2933 Earico
774 2870 868 2932 dotas
890 2867 986 2932 etiam
1008 2867 1077 2932 ideo
1101 2888 1166 2932 non
1182 2889 1276 2949 posse

31 3001 34 3028 s
159 2955 302 3020 calibere
323 2957 365 3020 F.
385 2955 523 3036 Blnlcme
546 2954 746 3038 existimarit,
770 2956 847 3037 qnia
870 2978 937 3039 cap.
960 2961 1035 3020 285.
1059 2955 1276 3038 interpretatio

159 3043 255 3124 Lepis
277 3044 444 3109 Romanae
467 3044 700 3126 Visipotlornm
722 3067 754 3109 a.
779 3051 854 3109 506.
876 3044 1098 3127 promnlpatae
1120 3044 1277 3126 exscripta

32 3133 34 3218 ξ
159 3152 223 3196 osse
245 3131 420 3198 ridebatur.
473 3133 576 3198 Verba
598 3132 700 3198 enim:
730 3135 867 3212 Nullus,
898 3136 959 3218 qui
981 3135 1163 3218 pecuniam
1189 3155 1275 3199 com·

32 3231 34 3296 ξ
159 3221 373 3288 mandaverit
400 3223 446 3286 ad
467 3243 616 3301 usuram,
649 3243 711 3307 per
734 3245 864 3288 annum
887 3223 966 3308 plus
989 3244 1093 3307 quam
1115 3227 1186 3288 'ores
1210 3223 1276 3287 sili-

159 3330 242 3392 quas
265 3312 310 3375 de
332 3311 435 3376 unius
459 3312 561 3376 solidi
583 3316 704 3396 poscat
719 3333 850 3389 usuras,
875 3310 994 3393 scripta
1009 3332 1074 3376 esse
1089 3311 1277 3376 ridebantur

33 3411 35 3466 t
159 3399 202 3462 od
223 3399 397 3480 eaemplnm
419 3399 689 3481 interpretationis
719 3402 763 3465 ad
789 3400 864 3466 Ood.
886 3400 1005 3465 Theod.
1031 3401 1083 3475 ΙΙ,
1109 3405 1161 3480 33,
1179 3405 1216 3464 2:
1247 3400 1277 3464 si

33 3527 34 3536 κ
159 3489 234 3570 quis
257 3488 337 3572 plus
361 3510 464 3572 quam
487 3489 644 3573 legitima
660 3491 847 3556 centesima
863 3489 1029 3566 continet,
1054 3490 1120 3554 hoo
1137 3493 1189 3554 est
1205 3492 1276 3554 ’ores

33 3585 35 3630 i
159 3576 300 3660 siliquas
323 3577 361 3640 in
384 3599 476 3642 anno
498 3597 561 3661 per
584 3578 732 3642 solidum
762 3583 816 3643 etc.
862 3577 915 3642 De
937 3596 1000 3658 qna
1023 3598 1058 3641 re
1081 3577 1193 3660 optime
1215 3597 1277 3642 mo-

33 3677 35 3754 ζ
158 3664 228 3728 nait
250 3665 297 3730 H.
320 3665 478 3730 Branner
500 3665 584 3730 lanc
606 3665 763 3748 lepitimae
786 3665 970 3731 centesimae
1000 3665 1216 3745 definitionem
1239 3684 1277 3731 en

33 3755 35 3806 f
161 3753 315 3819 commnni
344 3775 405 3818 nsn
439 3754 478 3818 ab
507 3759 638 3836 ntroqne
667 3760 792 3820 anctore
826 3753 925 3836 recipi
948 3754 1098 3836 potuisse.
1152 3755 1277 3820 Reoero

34 3881 35 3924 3
161 3843 265 3906 eadem
288 3841 431 3921 definitio
455 3841 568 3925 lepitnr
590 3842 694 3924 etiam,
718 3849 754 3906 nt
775 3842 869 3923 infra
884 3865 921 3925 p.
941 3848 968 3924 7,
993 3864 1026 3908 n.
1046 3850 1074 3906 1.
1098 3842 1216 3923 manni,
1240 3842 1277 3908 in

34 3941 35 4016 3
162 3928 339 3995 Iustiniani
354 3931 490 3996 Novella
511 3927 643 4014 (Antis.)
669 3937 721 3995 34.
768 3931 941 3997 Praetereo
963 3936 1068 3996 antem
1090 3952 1175 3997 nnnc
1197 3931 1277 3996 satis

34 4059 35 4062 =
162 4024 278 4082 constat
293 4017 582 4102 interpretationem
596 4019 633 4085 in
649 4041 761 4103 corpas
775 4019 905 4086 Alarici
920 4020 973 4084 ΙΙ.
989 4025 1144 4101 receptam
1158 4041 1277 4103 mapno

163 4125 197 4168 en
212 4113 308 4188 parte
329 4106 397 4172 iarn
420 4114 493 4173 ante
516 4129 546 4172 a.
572 4113 647 4173 506.
671 4108 825 4174 exstitisse
835 4109 857 4172 ¹.

268 4195 331 4277 Qai
358 4196 537 4262 Reccoredo
566 4197 597 4260 Ι.
628 4197 810 4280 fracmenta
839 4196 1018 4278 vindicant,
1048 4177 1178 4263 credant
1207 4218 1276 4263 enm

164 4279 227 4347 ideo
243 4282 416 4367 praeecpne
439 4286 519 4366 lepos
541 4285 742 4367 remansisse,
766 4292 801 4350 nt
819 4288 1023 4353 concordaret
1044 4307 1099 4351 eas
1122 4307 1191 4352 cnm
1213 4287 1277 4366 fide

35 4403 37 4464 3
164 4370 278 4437 otiare
301 4372 447 4438 ecclesiae
469 4373 649 4456 catholicae,
674 4376 719 4440 ad
732 4395 828 4457 qnam
849 4374 916 4458 ipse
939 4396 1009 4440 cnm
1018 4375 1136 4458 popolo
1158 4396 1191 4439 se
1208 4396 1276 4440 con·

166 4561 190 4626 1)
205 4562 246 4624 ot.
264 4564 405 4630 Korloroa,
426 4565 511 4622 ‘ch
530 4566 776 4633 Rechtspcsohiolrte’
795 4567 819 4633 I,
833 4583 863 4633 p.
877 4569 938 4623 977.
