3198 5202
371 556 449 609 Lux
468 555 582 611 VISIG.
602 556 871 612 REOOESSVIND.
907 557 943 624 X,
964 562 988 626 2,
1008 563 1032 613 2.
1052 563 1077 614 3.
1236 564 1286 616 301

168 741 441 804 contradictione
471 741 735 804 controversiam
766 742 916 823 perfidus
933 742 1067 824 excitet
1091 743 1285 825 pervicacis,

167 850 236 891 non
258 830 296 892 in
320 829 499 912 provitatis
524 823 763 893 contentionei
785 829 883 892 litem
907 832 1039 892 statuat
1064 831 1286 894 adversantis.

166 917 256 980 Nam
279 939 492 1000 quecumque
515 939 661 1002 persona
683 919 721 980 in
737 919 869 981 cunctis
893 913 981 981 stisk
999 919 1116 982 vetitis
1134 921 1287 982 extiterit

167 1007 390 1090 deprehensa,
415 1001 461 1069 si1
485 1008 622 1088 quidem
648 1027 688 1070 ex
704 1028 919 1088 quacumque
942 1006 1117 1089 religionis
1141 1012 1287 1091 potesta·

166 1099 268 1158 temIll
296 1095 351 1159 vel
381 1096 500 1159 ordine
531 1096 647 1168 fuerit,
680 1097 825 1158 amisson
857 1096 924 1159 loci
953 1100 988 1159 et
1019 1097 1198 1178 dignitatis
1229 1099 1286 1159 ho-

166 1205 257 1260 nore,
283 1187 449 1267 perpetuo
474 1187 573 1248 reatu
596 1185 662 1247 erit
685 1185 862 1260 obnoxius,
887 1205 1002 1248 rerum
1026 1186 1130 1249 etiarn
1151 1188 1286 1248 cuncta-

166 1294 241 1334 rum
271 1273 451 1336 amissione
481 1273 659 1336 multatus.
708 1273 744 1335 Si
767 1293 847 1336 vero
876 1293 916 1336 ex
940 1273 1037 1336 laicis
1062 1274 1225 1348 extiterit,
1252 1279 1286 1338 et

166 1362 296 1425 honore
332 1361 465 1424 solutus
500 1365 535 1425 et
569 1362 659 1437 loc0,
698 1362 792 1424 omni
825 1382 938 1424 rerum
974 1363 1040 1425 erit
1075 1363 1286 1444 possessione

166 1451 331 1526 nudatus,
368 1451 419 1512 ita
450 1453 491 1512 ut
523 1451 633 1513 omnis
667 1454 898 1532 transgressor
931 1451 1118 1514 sanctionis
1153 1452 1281 1514 huius⁰

166 1542 227 1600 ant
252 1541 370 1602 eterno
395 1539 496 1602 exilio
525 1540 741 1622 mancipatus
768 1539 927 1614 intereat,
957 1542 1018 1601 aut
1047 1540 1163 1602 divina
1191 1541 1285 1602 mise-

165 1627 300 1690 ratione
327 1631 502 1710 respectus
527 1649 547 1690 a
571 1629 841 1710 prevaricatione
870 1631 1091 1691 convertatur
1119 1632 1154 1691 et
1180 1629 1285 1691 vivat.

263 1797 318 1854 HI.
349 1797 518 1852 FLAVIUS
537 1797 751 1852 GLORIOSUS
770 1797 1079 1852 REOOESSVINDUS
1098 1799 1184 1853 REX.

166 1911 225 1973 De
255 1911 371 1973 datis
401 1915 442 1974 et
471 1912 752 1974 confirmatis
781 1911 955 1993 legibus
984 1931 1112 1994 supra
1135 1912 1285 1974 iudeo·

378 2021 468 2060 rum
495 2001 739 2082 nequitiam
768 2000 1071 2082 promulgatis,

272 2105 398 2168 Vetitis
423 2109 458 2169 et
481 2105 621 2168 seclusis
645 2106 853 2188 generaliter
876 2107 1029 2169 omnium
1054 2108 1285 2171 hereticorum

166 2195 456 2276 presumtionibus
481 2196 689 2270 execrandis,
713 2217 807 2258 nunc
831 2195 1026 2278 specialiter
1043 2196 1141 2258 nobis
1166 2200 1218 2258 est
1242 2196 1284 2258 de

166 2283 380 2365 presentibus
409 2284 647 2359 ordinandum,
677 2284 839 2366 quoniam
866 2288 901 2347 et
929 2285 965 2346 in
989 2284 1140 2366 presenti
1165 2285 1206 2347 de
1231 2285 1284 2346 his

167 2373 401 2452 cognoscimus
441 2392 513 2435 esse
553 2375 775 2455 presumtum.
834 2372 924 2435 Nam
962 2393 1040 2435 curn
1074 2374 1183 2436 virtus
1219 2373 1285 2435 Dei

164 2463 277 2522 totum
303 2461 541 2524 universaliter
566 2462 637 2524 acie
660 2461 757 2524 verbi
780 2461 833 2524 sui
855 2462 1023 2524 radicitus
1050 2462 1209 2524 heresum
1233 2481 1285 2523 ex-

164 2549 345 2631 tirpaverit
364 2549 548 2626 surculum,
571 2549 700 2612 solama
720 2550 906 2612 iudeorum
923 2550 1112 2630 nequitiam
1128 2550 1284 2630 ingemis-

167 2638 273 2698 cimus
308 2638 483 2720 regiminis
518 2639 627 2700 nostri
662 2659 743 2700 arva
778 2658 850 2700 esse
885 2637 1029 2720 polluta.
1087 2637 1188 2701 'Unde
1224 2659 1284 2720 per

166 2726 325 2808 spiritum
349 2726 415 2789 Dei
438 2727 612 2790 vindicare
637 2719 859 2789 conavimurb
887 2747 1007 2808 pacem
1031 2729 1192 2801 nostram,
1218 2747 1284 2807 que

165 2814 350 2896 gentibus¹
373 2816 511 2896 quidem
535 2815 686 2878 stultitia
709 2818 770 2890 est,
795 2815 923 2878 eisdem
946 2835 1026 2877 vero
1050 2814 1168 2877 Iudeis
1192 2835 1284 2877 scan-

166 2903 293 2978 dalum,
323 2903 422 2966 nobis
451 2908 568 2967 autem
592 2904 810 2966 credentibus
834 2904 926 2966 idern
951 2902 1108 2966 Christus
1132 2903 1198 2966 Dei
1221 2903 1284 2965 vir·

164 2996 221 3054 tus
246 2996 281 3056 et
305 2993 372 3055 Dei
396 2991 595 3075 sapientia1,
621 2993 716 3056 cuius
741 2993 1014 3055 miserationem⁰
1036 2991 1192 3074 preventi
1208 3012 1283 3053 con·

165 3075 341 3142 cutimurd
368 3081 560 3144 intentione
577 3081 680 3155 fideli,
705 3083 777 3142 tam
793 3081 938 3143 vetustis
962 3080 1132 3143 erroribus
1157 3100 1283 3162 ponere

164 3170 277 3244 finem,
303 3189 405 3250 quam
428 3170 626 3232 futurorum
647 3170 863 3232 exordiorum
880 3169 1058 3232 concidere
1082 3169 1282 3231 novitatem.

165 3255 381 3340 Quapropter
406 3261 578 3321 etername
607 3258 719 3339 legem
747 3257 903 3320 iubemus
928 3260 963 3320 et
987 3277 1157 3320 sacrarum
1183 3257 1283 3339 scrip-

162 3349 321 3408 turarum
348 3347 443 3408 iussu
471 3347 699 3421 decernimus
731 3350 804 3408 tam
831 3349 1026 3408 nostrarum
1053 3346 1169 3426 legum
1197 3345 1282 3408 edic·

163 3428 273 3510 cums,
306 3456 408 3516 quam
437 3456 670 3518 precessorum
697 3437 893 3497 nostrorum
920 3454 1040 3515 regum
1067 3433 1171 3514 legali
1197 3434 1283 3496 serie

164 3525 354 3586 sententias
385 3525 630 3607 promulgatas,
663 3545 728 3605 que
758 3527 877 3586 contra
905 3543 1023 3585 eorum
1052 3522 1221 3605 perfidiag
1248 3524 1283 3584 et

164 3633 325 3694 personas
351 3613 432 3674 data
456 3613 658 3686 consistunt,
689 3616 808 3676 eterna
836 3603 1151 3674 consecrationemh
1179 3610 1282 3673 invio·

163 3700 236 3763 lata
270 3701 452 3783 persistere
485 3704 520 3764 et
550 3702 693 3783 perenni
729 3701 885 3764 custodia
920 3700 1099 3763 observata
1134 3719 1281 3762 manere.

165 3787 238 3866 Que
263 3790 291 3851 si
315 3789 390 3870 quis
415 3811 532 3852 eorum
553 3793 722 3852 temerare
744 3791 900 3852 detectus
917 3789 1079 3863 extiterit,
1106 3792 1140 3850 et
1164 3788 1283 3850 subter

162 3876 350 3940 iacentium
375 3878 491 3960 legum
508 3878 640 3940 damnis
663 3879 784 3940 noxius
809 3878 875 3942 erit
899 3881 933 3940 et
957 3876 1161 3960 specialibus
1183 3876 1282 3938 ultio·

163 3987 245 4028 num
271 3968 450 4030 sententiis
474 3966 676 4030 subiacebit.

270 4157 286 4203 i)
300 4157 315 4197 i.
330 4167 348 4203 q.
364 4157 536 4204 contemptione.
613 4156 636 4203 k)
650 4156 700 4195 istis
714 4156 762 4197 122.
840 4156 855 4203 l)
870 4156 926 4193 deest
940 4155 985 4196 ΕΙ,
1064 4157 1095 4202 m)
1108 4157 1220 4202 potestate
1234 4153 1254 4190 R
1263 4153 1283 4193 2.

164 4211 186 4256 11)
201 4207 298 4247 admisso
313 4211 358 4249 121.
413 4210 435 4256 o)
449 4211 514 4248 istius
528 4210 577 4250 122.

270 4263 312 4304 ΙΙΙ.
360 4265 381 4309 a)
400 4263 447 4300 sola
461 4264 478 4304 1.
493 4263 595 4310 nequitia
614 4263 661 4302 132.
742 4262 764 4308 b)
784 4261 952 4301 conamurnr.
1034 4263 1054 4308 c)
1073 4261 1217 4298 miseratione
1234 4259 1282 4303 Ra

164 4313 186 4362 d)
200 4316 411 4356 ooncuttimurRl.
493 4316 514 4367 e)
528 4321 607 4355 eterna
621 4317 669 4363 lege
684 4315 732 4356 Ra
812 4312 922 4361 Oediota
936 4315 984 4355 122.
1065 4315 1086 4362 g)
1101 4311 1218 4362 perfidiam
1232 4312 1279 4356 Rs,

164 4369 187 4415 h)
201 4370 370 4408 consecratione
384 4369 404 4406 R
414 4370 432 4410 2.

165 4527 190 4592 1)
208 4529 249 4592 of.
271 4531 294 4581 1.
310 4529 370 4581 cor.
385 4531 409 4595 1,
430 4531 472 4581 23.
491 4530 537 4582 24.
