<?xml version="1.0" encoding="UTF-8"?>
<!DOCTYPE html PUBLIC "-//W3C//DTD XHTML 1.0 Transitional//EN"
    "http://www.w3.org/TR/xhtml1/DTD/xhtml1-transitional.dtd">
<html xmlns="http://www.w3.org/1999/xhtml" xml:lang="en" lang="en">
 <head>
  <title>
</title>
<meta http-equiv="Content-Type" content="text/html;charset=utf-8" />
  <meta name='ocr-system' content='tesseract 3.04.00' />
  <meta name='ocr-capabilities' content='ocr_page ocr_carea ocr_par ocr_line ocrx_word'/>
</head>
<body>
  <div class='ocr_page' id='page_1' title='image "./legesvisigothor00gaudgoog_0353.png"; bbox 0 0 3214 5198; ppageno 0'>
   <div class='ocr_carea' id='block_1_1' title="bbox 323 1497 1096 1582">
    <p class='ocr_par' dir='ltr' id='par_1_1' title="bbox 323 1497 1096 1582">
     <span class='ocr_line' id='line_1_1' title="bbox 323 1497 1096 1582; baseline 0.004 -3"><span class='ocrx_word' id='word_1_1' title='bbox 323 1498 528 1582; x_wconf 74' lang='lat' dir='ltr'><strong><em>LEGES</em></strong></span> <span class='ocrx_word' id='word_1_2' title='bbox 556 1497 756 1578; x_wconf 76' lang='grc' dir='ltr'><em>ΕΧΤΕΑ</em></span> <span class='ocrx_word' id='word_1_3' title='bbox 769 1497 1096 1582; x_wconf 66' lang='lat' dir='ltr'><strong><em>VAGANTES.</em></strong></span> 
     </span>
    </p>
   </div>
   <div class='ocr_carea' id='block_1_2' title="bbox 369 1734 1062 1834">
    <p class='ocr_par' dir='ltr' id='par_1_2' title="bbox 369 1734 1062 1834">
     <span class='ocr_line' id='line_1_2' title="bbox 369 1734 1062 1834; baseline 0.003 -27"><span class='ocrx_word' id='word_1_4' title='bbox 369 1741 400 1808; x_wconf 91' lang='lat'>1.</span> <span class='ocrx_word' id='word_1_5' title='bbox 430 1736 524 1833; x_wconf 75' lang='lat' dir='ltr'>(Lea</span> <span class='ocrx_word' id='word_1_6' title='bbox 542 1735 709 1834; x_wconf 68' lang='lat' dir='ltr'>Visiqott.</span> <span class='ocrx_word' id='word_1_7' title='bbox 728 1735 878 1832; x_wconf 69' lang='lat' dir='ltr'>vnlyata</span> <span class='ocrx_word' id='word_1_8' title='bbox 896 1734 948 1824; x_wconf 90' lang='grc' dir='ltr'>ΙΙ,</span> <span class='ocrx_word' id='word_1_9' title='bbox 968 1741 1001 1826; x_wconf 90' lang='grc'>4,</span> <span class='ocrx_word' id='word_1_10' title='bbox 1013 1738 1062 1834; x_wconf 82' lang='grc'>7).</span> 
     </span>
    </p>
   </div>
   <div class='ocr_carea' id='block_1_3' title="bbox 126 1923 1242 2120">
    <p class='ocr_par' dir='ltr' id='par_1_3' title="bbox 126 1923 1242 2120">
     <span class='ocr_line' id='line_1_3' title="bbox 608 1923 916 1994; baseline 0 -18"><span class='ocrx_word' id='word_1_11' title='bbox 608 1923 816 1994; x_wconf 68' lang='lat' dir='ltr'>Annicula.</span> <span class='ocrx_word' id='word_1_12' title='bbox 914 1955 916 1960; x_wconf 81' lang='lat'><em>.</em></span> 
     </span>
     <span class='ocr_line' id='line_1_4' title="bbox 126 2032 1242 2120; baseline 0.003 -21"><span class='ocrx_word' id='word_1_13' title='bbox 126 2061 128 2065; x_wconf 93' lang='lat'>·</span> <span class='ocrx_word' id='word_1_14' title='bbox 187 2037 247 2100; x_wconf 90' lang='lat' dir='ltr'>De</span> <span class='ocrx_word' id='word_1_15' title='bbox 277 2037 359 2115; x_wconf 90' lang='lat' dir='ltr'>his,</span> <span class='ocrx_word' id='word_1_16' title='bbox 391 2038 462 2118; x_wconf 91' lang='lat' dir='ltr'>qui</span> <span class='ocrx_word' id='word_1_17' title='bbox 493 2036 658 2100; x_wconf 90' lang='lat' dir='ltr'>animas</span> <span class='ocrx_word' id='word_1_18' title='bbox 689 2057 786 2111; x_wconf 85' lang='lat' dir='ltr'>suas</span> <span class='ocrx_word' id='word_1_19' title='bbox 817 2037 1013 2120; x_wconf 88' lang='lat' dir='ltr'>periurio</span> <span class='ocrx_word' id='word_1_20' title='bbox 1043 2032 1242 2102; x_wconf 70' lang='lat' dir='ltr'>necantl.</span> 
     </span>
    </p>
   </div>
   <div class='ocr_carea' id='block_1_4' title="bbox 153 2161 1272 3043">
    <p class='ocr_par' dir='ltr' id='par_1_4' title="bbox 153 2161 1272 3043">
     <span class='ocr_line' id='line_1_5' title="bbox 263 2161 1272 2244; baseline 0.002 -20"><span class='ocrx_word' id='word_1_21' title='bbox 263 2161 301 2224; x_wconf 82' lang='lat' dir='ltr'>si</span> <span class='ocrx_word' id='word_1_22' title='bbox 323 2161 399 2243; x_wconf 90' lang='lat' dir='ltr'>quis</span> <span class='ocrx_word' id='word_1_23' title='bbox 423 2162 572 2224; x_wconf 88' lang='lat' dir='ltr'>animam</span> <span class='ocrx_word' id='word_1_24' title='bbox 596 2181 692 2223; x_wconf 87' lang='lat' dir='ltr'>suam</span> <span class='ocrx_word' id='word_1_25' title='bbox 716 2161 866 2244; x_wconf 88' lang='lat' dir='ltr'>periurio</span> <span class='ocrx_word' id='word_1_26' title='bbox 888 2162 1072 2239; x_wconf 74' lang='lat' dir='ltr'>necaverit,</span> <span class='ocrx_word' id='word_1_27' title='bbox 1102 2183 1161 2227; x_wconf 89' lang='lat' dir='ltr'>seu</span> <span class='ocrx_word' id='word_1_28' title='bbox 1185 2164 1272 2244; x_wconf 91' lang='lat' dir='ltr'>quis·</span> 
     </span>
     <span class='ocr_line' id='line_1_6' title="bbox 156 2243 1272 2333; baseline 0.003 -21"><span class='ocrx_word' id='word_1_29' title='bbox 156 2243 246 2332; x_wconf 86' lang='lat' dir='ltr'>que*</span> <span class='ocrx_word' id='word_1_30' title='bbox 276 2253 513 2333; x_wconf 90' lang='lat' dir='ltr'>presumtuose</span> <span class='ocrx_word' id='word_1_31' title='bbox 543 2250 735 2332; x_wconf 87' lang='lat' dir='ltr'>periurasse</span> <span class='ocrx_word' id='word_1_32' title='bbox 766 2251 940 2332; x_wconf 81' lang='lat' dir='ltr'>detegitur</span> <span class='ocrx_word' id='word_1_33' title='bbox 968 2254 1029 2313; x_wconf 86' lang='lat' dir='ltr'>aut</span> <span class='ocrx_word' id='word_1_34' title='bbox 1057 2252 1085 2314; x_wconf 88' lang='lat' dir='ltr'>si</span> <span class='ocrx_word' id='word_1_35' title='bbox 1109 2251 1272 2333; x_wconf 77' lang='lat' dir='ltr'>quislibet</span> 
     </span>
     <span class='ocr_line' id='line_1_7' title="bbox 154 2338 1272 2423; baseline 0.001 -21"><span class='ocrx_word' id='word_1_36' title='bbox 154 2338 274 2402; x_wconf 84' lang='lat' dir='ltr'>videns</span> <span class='ocrx_word' id='word_1_37' title='bbox 303 2359 338 2403; x_wconf 87' lang='lat' dir='ltr'>se</span> <span class='ocrx_word' id='word_1_38' title='bbox 368 2339 570 2422; x_wconf 84' lang='lat' dir='ltr'>impressum</span> <span class='ocrx_word' id='word_1_39' title='bbox 594 2339 733 2402; x_wconf 86' lang='lat' dir='ltr'>sciendo</span> <span class='ocrx_word' id='word_1_40' title='bbox 757 2339 938 2403; x_wconf 88' lang='lat' dir='ltr'>veritatem</span> <span class='ocrx_word' id='word_1_41' title='bbox 969 2341 1156 2423; x_wconf 70' lang='lat' dir='ltr'>negaverit,</span> <span class='ocrx_word' id='word_1_42' title='bbox 1190 2342 1272 2403; x_wconf 88' lang='lat' dir='ltr'>dum</span> 
     </span>
     <span class='ocr_line' id='line_1_8' title="bbox 155 2423 1272 2510; baseline 0.002 -20"><span class='ocrx_word' id='word_1_43' title='bbox 155 2428 240 2491; x_wconf 68' lang='grc' dir='ltr'>Ιιοοο</span> <span class='ocrx_word' id='word_1_44' title='bbox 269 2427 397 2492; x_wconf 88' lang='lat' dir='ltr'>certius</span> <span class='ocrx_word' id='word_1_45' title='bbox 419 2429 522 2491; x_wconf 85' lang='lat' dir='ltr'>iudex</span> <span class='ocrx_word' id='word_1_46' title='bbox 547 2428 734 2510; x_wconf 84' lang='lat' dir='ltr'>agnoverit,</span> <span class='ocrx_word' id='word_1_47' title='bbox 764 2423 967 2491; x_wconf 65' lang='lat' dir='ltr'>addicaturd</span> <span class='ocrx_word' id='word_1_48' title='bbox 994 2431 1029 2492; x_wconf 91' lang='lat' dir='ltr'>et</span> <span class='ocrx_word' id='word_1_49' title='bbox 1053 2432 1192 2492; x_wconf 86' lang='lat' dir='ltr'>centum</span> <span class='ocrx_word' id='word_1_50' title='bbox 1216 2429 1272 2492; x_wconf 89' lang='lat' dir='ltr'>fla-</span> 
     </span>
     <span class='ocr_line' id='line_1_9' title="bbox 155 2509 1269 2599; baseline 0 -19"><span class='ocrx_word' id='word_1_51' title='bbox 155 2516 248 2598; x_wconf 80' lang='lat' dir='ltr'>gella</span> <span class='ocrx_word' id='word_1_52' title='bbox 275 2516 440 2599; x_wconf 86' lang='lat' dir='ltr'>suscipiat</span> <span class='ocrx_word' id='word_1_53' title='bbox 468 2509 545 2582; x_wconf 79' lang='lat' dir='ltr'>et**</span> <span class='ocrx_word' id='word_1_54' title='bbox 569 2516 687 2579; x_wconf 87' lang='lat' dir='ltr'>statim</span> <span class='ocrx_word' id='word_1_55' title='bbox 717 2517 765 2579; x_wconf 90' lang='lat' dir='ltr'>sic</span> <span class='ocrx_word' id='word_1_56' title='bbox 793 2520 911 2579; x_wconf 86' lang='lat' dir='ltr'>notam</span> <span class='ocrx_word' id='word_1_57' title='bbox 941 2517 1083 2580; x_wconf 78' lang='lat' dir='ltr'>infamio</span> <span class='ocrx_word' id='word_1_58' title='bbox 1106 2518 1269 2595; x_wconf 81' lang='lat' dir='ltr'>incurrat,</span> 
     </span>
     <span class='ocr_line' id='line_1_10' title="bbox 154 2599 1271 2688; baseline 0 -20"><span class='ocrx_word' id='word_1_59' title='bbox 154 2607 195 2668; x_wconf 89' lang='lat' dir='ltr'>ut</span> <span class='ocrx_word' id='word_1_60' title='bbox 224 2607 345 2688; x_wconf 88' lang='lat' dir='ltr'>postea</span> <span class='ocrx_word' id='word_1_61' title='bbox 372 2607 405 2669; x_wconf 88' lang='lat' dir='ltr'>ei</span> <span class='ocrx_word' id='word_1_62' title='bbox 426 2605 607 2669; x_wconf 89' lang='lat' dir='ltr'>testificari</span> <span class='ocrx_word' id='word_1_63' title='bbox 635 2626 705 2667; x_wconf 92' lang='lat' dir='ltr'>non</span> <span class='ocrx_word' id='word_1_64' title='bbox 735 2605 849 2668; x_wconf 89' lang='lat' dir='ltr'>liceat.</span> <span class='ocrx_word' id='word_1_65' title='bbox 903 2599 1007 2667; x_wconf 77' lang='lat' dir='ltr'>Et***</span> <span class='ocrx_word' id='word_1_66' title='bbox 1038 2606 1067 2668; x_wconf 92' lang='lat' dir='ltr'>si</span> <span class='ocrx_word' id='word_1_67' title='bbox 1097 2607 1271 2688; x_wconf 90' lang='lat' dir='ltr'>potentior</span> 
     </span>
     <span class='ocr_line' id='line_1_11' title="bbox 154 2693 1271 2777; baseline 0.001 -21"><span class='ocrx_word' id='word_1_68' title='bbox 154 2694 262 2758; x_wconf 84' lang='lat' dir='ltr'>fuerit</span> <span class='ocrx_word' id='word_1_69' title='bbox 296 2695 486 2759; x_wconf 87' lang='lat' dir='ltr'>secundum</span> <span class='ocrx_word' id='word_1_70' title='bbox 516 2694 724 2777; x_wconf 86' lang='lat' dir='ltr'>superiorem</span> <span class='ocrx_word' id='word_1_71' title='bbox 759 2693 883 2777; x_wconf 84' lang='lat' dir='ltr'>legem,</span> <span class='ocrx_word' id='word_1_72' title='bbox 920 2714 985 2776; x_wconf 90' lang='lat' dir='ltr'>que</span> <span class='ocrx_word' id='word_1_73' title='bbox 1016 2694 1069 2757; x_wconf 89' lang='lat' dir='ltr'>De</span> <span class='ocrx_word' id='word_1_74' title='bbox 1099 2694 1271 2757; x_wconf 84' lang='lat' dir='ltr'>falsariis¹</span> 
     </span>
     <span class='ocr_line' id='line_1_12' title="bbox 155 2782 1271 2866; baseline -0.002 -20"><span class='ocrx_word' id='word_1_75' title='bbox 155 2783 362 2860; x_wconf 81' lang='lat' dir='ltr'>continetur,</span> <span class='ocrx_word' id='word_1_76' title='bbox 387 2782 570 2846; x_wconf 82' lang='lat' dir='ltr'>insistente</span> <span class='ocrx_word' id='word_1_77' title='bbox 593 2783 707 2846; x_wconf 84' lang='lat' dir='ltr'>iudice</span> <span class='ocrx_word' id='word_1_78' title='bbox 731 2785 888 2864; x_wconf 87' lang='lat' dir='ltr'>quartam</span> <span class='ocrx_word' id='word_1_79' title='bbox 912 2787 1045 2866; x_wconf 88' lang='lat' dir='ltr'>partem</span> <span class='ocrx_word' id='word_1_80' title='bbox 1060 2782 1271 2846; x_wconf 83' lang='lat' dir='ltr'>facultatum</span> 
     </span>
     <span class='ocr_line' id='line_1_13' title="bbox 153 2871 1269 2954; baseline -0.001 -20"><span class='ocrx_word' id='word_1_81' title='bbox 153 2892 267 2935; x_wconf 89' lang='lat' dir='ltr'>rerum</span> <span class='ocrx_word' id='word_1_82' title='bbox 298 2893 436 2936; x_wconf 87' lang='lat' dir='ltr'>suarum</span> <span class='ocrx_word' id='word_1_83' title='bbox 468 2871 617 2949; x_wconf 88' lang='lat' dir='ltr'>amittat,</span> <span class='ocrx_word' id='word_1_84' title='bbox 648 2871 702 2933; x_wconf 89' lang='lat' dir='ltr'>illi</span> <span class='ocrx_word' id='word_1_85' title='bbox 726 2872 1007 2954; x_wconf 86' lang='lat' dir='ltr'>consignandum,</span> <span class='ocrx_word' id='word_1_86' title='bbox 1033 2872 1088 2934; x_wconf 87' lang='lat' dir='ltr'>cni</span> <span class='ocrx_word' id='word_1_87' title='bbox 1110 2871 1269 2935; x_wconf 85' lang='lat' dir='ltr'>fraudem</span> 
     </span>
     <span class='ocr_line' id='line_1_14' title="bbox 154 2960 686 3043; baseline -0.006 -19"><span class='ocrx_word' id='word_1_88' title='bbox 154 2960 296 3043; x_wconf 88' lang='lat' dir='ltr'>periurii</span> <span class='ocrx_word' id='word_1_89' title='bbox 319 2960 433 3025; x_wconf 89' lang='lat' dir='ltr'>moliri</span> <span class='ocrx_word' id='word_1_90' title='bbox 457 2963 600 3025; x_wconf 87' lang='lat' dir='ltr'>conatus</span> <span class='ocrx_word' id='word_1_91' title='bbox 624 2963 686 3023; x_wconf 88' lang='lat' dir='ltr'>est.</span> 
     </span>
    </p>
   </div>
   <div class='ocr_carea' id='block_1_5' title="bbox 235 3183 1271 3618">
    <p class='ocr_par' dir='ltr' id='par_1_5' title="bbox 270 3183 1271 3396">
     <span class='ocr_line' id='line_1_15' title="bbox 270 3183 1271 3254; baseline 0 -16"><span class='ocrx_word' id='word_1_92' title='bbox 270 3185 297 3254; x_wconf 86' lang='lat'>*)</span> <span class='ocrx_word' id='word_1_93' title='bbox 316 3187 395 3241; x_wconf 67' lang='lat' dir='ltr'>eodo.</span> <span class='ocrx_word' id='word_1_94' title='bbox 414 3190 439 3241; x_wconf 85' lang='lat'>3.</span> <span class='ocrx_word' id='word_1_95' title='bbox 458 3189 488 3241; x_wconf 87' lang='lat'>4:</span> <span class='ocrx_word' id='word_1_96' title='bbox 517 3185 630 3253; x_wconf 87' lang='lat' dir='ltr'>quisque</span> <span class='ocrx_word' id='word_1_97' title='bbox 657 3185 797 3253; x_wconf 84' lang='lat' dir='ltr'>periurare</span> <span class='ocrx_word' id='word_1_98' title='bbox 824 3183 978 3253; x_wconf 87' lang='lat' dir='ltr'>permiserit</span> <span class='ocrx_word' id='word_1_99' title='bbox 1003 3189 1050 3238; x_wconf 85' lang='lat' dir='ltr'>aut</span> <span class='ocrx_word' id='word_1_100' title='bbox 1075 3186 1116 3238; x_wconf 81' lang='lat' dir='ltr'>sie</span> <span class='ocrx_word' id='word_1_101' title='bbox 1144 3187 1271 3254; x_wconf 85' lang='lat' dir='ltr'>quislibet</span> 
     </span>
     <span class='ocr_line' id='line_1_16' title="bbox 313 3254 1270 3326; baseline 0.002 -18"><span class='ocrx_word' id='word_1_102' title='bbox 313 3256 409 3310; x_wconf 82' lang='lat' dir='ltr'>videns</span> <span class='ocrx_word' id='word_1_103' title='bbox 428 3273 456 3309; x_wconf 82' lang='lat' dir='ltr'>se</span> <span class='ocrx_word' id='word_1_104' title='bbox 474 3257 502 3308; x_wconf 87' lang='lat' dir='ltr'>i&#39;n</span> <span class='ocrx_word' id='word_1_105' title='bbox 515 3257 696 3324; x_wconf 88' lang='lat' dir='ltr'>presumendo</span> <span class='ocrx_word' id='word_1_106' title='bbox 709 3254 876 3309; x_wconf 73' lang='lat' dir='ltr'>veritatemf</span> <span class='ocrx_word' id='word_1_107' title='bbox 891 3258 1033 3326; x_wconf 86' lang='lat' dir='ltr'>negaverit</span> <span class='ocrx_word' id='word_1_108' title='bbox 1051 3261 1103 3309; x_wconf 65' lang='lat' dir='ltr'>ete</span> <span class='ocrx_word' id='word_1_109' title='bbox 1119 3258 1270 3326; x_wconf 79' lang='lat' dir='ltr'>periurasse</span> 
     </span>
     <span class='ocr_line' id='line_1_17' title="bbox 314 3327 636 3396; baseline 0 -15"><span class='ocrx_word' id='word_1_110' title='bbox 314 3327 489 3396; x_wconf 72' lang='lat' dir='ltr'>detegitnrss,</span> <span class='ocrx_word' id='word_1_111' title='bbox 508 3327 574 3380; x_wconf 90' lang='lat' dir='ltr'>dum</span> <span class='ocrx_word' id='word_1_112' title='bbox 593 3335 636 3382; x_wconf 82' lang='lat' dir='ltr'>etc.</span> 
     </span>
    </p>

    <p class='ocr_par' dir='ltr' id='par_1_6' title="bbox 252 3397 1023 3466">
     <span class='ocr_line' id='line_1_18' title="bbox 252 3397 1023 3466; baseline 0.003 -15"><span class='ocrx_word' id='word_1_113' title='bbox 252 3398 297 3464; x_wconf 89' lang='lat'>**)</span> <span class='ocrx_word' id='word_1_114' title='bbox 316 3400 395 3454; x_wconf 71' lang='lat' dir='ltr'>Oodd.</span> <span class='ocrx_word' id='word_1_115' title='bbox 414 3403 439 3454; x_wconf 87' lang='lat'>3.</span> <span class='ocrx_word' id='word_1_116' title='bbox 458 3403 489 3454; x_wconf 89' lang='lat'>4:</span> <span class='ocrx_word' id='word_1_117' title='bbox 509 3403 591 3466; x_wconf 86' lang='lat' dir='ltr'>atque</span> <span class='ocrx_word' id='word_1_118' title='bbox 610 3397 645 3451; x_wconf 84' lang='lat' dir='ltr'>ed</span> <span class='ocrx_word' id='word_1_119' title='bbox 663 3398 849 3451; x_wconf 83' lang='lat' dir='ltr'>testimonium</span> <span class='ocrx_word' id='word_1_120' title='bbox 867 3402 961 3451; x_wconf 84' lang='lat' dir='ltr'>notem</span> <span class='ocrx_word' id='word_1_121' title='bbox 979 3405 1023 3453; x_wconf 79' lang='lat' dir='ltr'>etc.</span> 
     </span>
    </p>

    <p class='ocr_par' dir='ltr' id='par_1_7' title="bbox 235 3468 1271 3618">
     <span class='ocr_line' id='line_1_19' title="bbox 235 3468 1271 3552; baseline -0.002 -28"><span class='ocrx_word' id='word_1_122' title='bbox 235 3468 297 3537; x_wconf 84' lang='lat'><strong>***)</strong></span> <span class='ocrx_word' id='word_1_123' title='bbox 315 3471 395 3524; x_wconf 81' lang='lat' dir='ltr'>Codd.</span> <span class='ocrx_word' id='word_1_124' title='bbox 414 3475 441 3525; x_wconf 88' lang='lat'>3.</span> <span class='ocrx_word' id='word_1_125' title='bbox 460 3473 489 3551; x_wconf 95' lang='grc'>4·</span> <span class='ocrx_word' id='word_1_126' title='bbox 516 3469 553 3552; x_wconf 70' lang='lat' dir='ltr'>Et</span> <span class='ocrx_word' id='word_1_127' title='bbox 578 3470 647 3522; x_wconf 84' lang='lat' dir='ltr'>sicut</span> <span class='ocrx_word' id='word_1_128' title='bbox 672 3470 805 3538; x_wconf 83' lang='lat' dir='ltr'>superiori</span> <span class='ocrx_word' id='word_1_129' title='bbox 830 3470 890 3540; x_wconf 86' lang='lat' dir='ltr'>lege</span> <span class='ocrx_word' id='word_1_130' title='bbox 916 3470 954 3551; x_wconf 40' lang='lat' dir='ltr'>de·</span> <span class='ocrx_word' id='word_1_131' title='bbox 975 3469 1090 3523; x_wconf 84' lang='lat' dir='ltr'>falsariis</span> <span class='ocrx_word' id='word_1_132' title='bbox 1115 3470 1271 3552; x_wconf 77' lang='lat' dir='ltr'>continetur</span> 
     </span>
     <span class='ocr_line' id='line_1_20' title="bbox 313 3539 1270 3618; baseline 0.002 -25"><span class='ocrx_word' id='word_1_133' title='bbox 313 3545 454 3593; x_wconf 84' lang='lat' dir='ltr'>rnsrstente</span> <span class='ocrx_word' id='word_1_134' title='bbox 473 3541 562 3594; x_wconf 80' lang='lat' dir='ltr'>rudrce</span> <span class='ocrx_word' id='word_1_135' title='bbox 576 3545 701 3608; x_wconf 82' lang='lat' dir='ltr'>quartam</span> <span class='ocrx_word' id='word_1_136' title='bbox 714 3545 820 3608; x_wconf 86' lang='lat' dir='ltr'>partem</span> <span class='ocrx_word' id='word_1_137' title='bbox 833 3540 969 3593; x_wconf 81' lang='lat' dir='ltr'>facultatrs</span> <span class='ocrx_word' id='word_1_138' title='bbox 987 3558 1035 3594; x_wconf 89' lang='lat' dir='ltr'>suc</span> <span class='ocrx_word' id='word_1_139' title='bbox 1054 3539 1205 3594; x_wconf 80' lang='lat' dir='ltr'>admrttath</span> <span class='ocrx_word' id='word_1_140' title='bbox 1226 3548 1270 3618; x_wconf 76' lang='lat' dir='ltr'>etc.</span> 
     </span>
    </p>
   </div>
   <div class='ocr_carea' id='block_1_6' title="bbox 260 3735 1271 4088">
    <p class='ocr_par' dir='ltr' id='par_1_8' title="bbox 260 3735 1271 4088">
     <span class='ocr_line' id='line_1_21' title="bbox 260 3735 1268 3805; baseline 0 -16"><span class='ocrx_word' id='word_1_141' title='bbox 260 3735 284 3791; x_wconf 93' lang='lat' dir='ltr'>l.</span> <span class='ocrx_word' id='word_1_142' title='bbox 315 3736 414 3789; x_wconf 63' lang='lat' dir='ltr'>Coela:</span> <span class='ocrx_word' id='word_1_143' title='bbox 441 3741 464 3791; x_wconf 89' lang='lat'>1.</span> <span class='ocrx_word' id='word_1_144' title='bbox 486 3737 546 3792; x_wconf 76' lang='lat' dir='ltr'>eod.</span> <span class='ocrx_word' id='word_1_145' title='bbox 566 3737 663 3788; x_wconf 79' lang='lat' dir='ltr'>Escur.</span> <span class='ocrx_word' id='word_1_146' title='bbox 682 3737 757 3788; x_wconf 87' lang='grc' dir='ltr'>ΖΠ</span> <span class='ocrx_word' id='word_1_147' title='bbox 772 3741 802 3802; x_wconf 94' lang='grc'>2,</span> <span class='ocrx_word' id='word_1_148' title='bbox 827 3753 892 3791; x_wconf 77' lang='lat' dir='ltr'>aueo.</span> <span class='ocrx_word' id='word_1_149' title='bbox 912 3737 972 3800; x_wconf 82' lang='lat' dir='ltr'>XI;</span> <span class='ocrx_word' id='word_1_150' title='bbox 999 3738 1035 3800; x_wconf 81' lang='lat' dir='ltr'>cs.</span> <span class='ocrx_word' id='word_1_151' title='bbox 1061 3739 1095 3790; x_wconf 88' lang='lat' dir='ltr'>N.</span> <span class='ocrx_word' id='word_1_152' title='bbox 1120 3739 1201 3792; x_wconf 73' lang='lat' dir='ltr'>Aret.</span> <span class='ocrx_word' id='word_1_153' title='bbox 1222 3739 1268 3805; x_wconf 85' lang='lat' dir='ltr'>VI,</span> 
     </span>
     <span class='ocr_line' id='line_1_22' title="bbox 310 3808 1269 3876; baseline 0.002 -14"><span class='ocrx_word' id='word_1_154' title='bbox 310 3826 339 3876; x_wconf 80' lang='lat' dir='ltr'>p.</span> <span class='ocrx_word' id='word_1_155' title='bbox 352 3811 405 3862; x_wconf 85' lang='grc'>282</span> <span class='ocrx_word' id='word_1_156' title='bbox 418 3825 472 3875; x_wconf 79' lang='lat' dir='ltr'>sqq.</span> <span class='ocrx_word' id='word_1_157' title='bbox 486 3808 563 3872; x_wconf 74' lang='lat' dir='ltr'>(Coc.</span> <span class='ocrx_word' id='word_1_158' title='bbox 574 3808 689 3862; x_wconf 81' lang='lat' dir='ltr'>Cordon.</span> <span class='ocrx_word' id='word_1_159' title='bbox 704 3810 741 3862; x_wconf 84' lang='lat' dir='ltr'>ed.</span> <span class='ocrx_word' id='word_1_160' title='bbox 755 3809 868 3875; x_wconf 63' lang='lat' dir='ltr'>Maur).</span> <span class='ocrx_word' id='word_1_161' title='bbox 881 3839 912 3846; x_wconf 99' lang='lat'><strong>—</strong></span> <span class='ocrx_word' id='word_1_162' title='bbox 926 3812 952 3863; x_wconf 83' lang='lat'>2.</span> <span class='ocrx_word' id='word_1_163' title='bbox 963 3809 1024 3863; x_wconf 80' lang='lat' dir='ltr'>Cod.</span> <span class='ocrx_word' id='word_1_164' title='bbox 1038 3809 1134 3863; x_wconf 77' lang='lat' dir='ltr'>Eaeur.</span> <span class='ocrx_word' id='word_1_165' title='bbox 1149 3810 1217 3860; x_wconf 89' lang='lat' dir='ltr'>VII</span> <span class='ocrx_word' id='word_1_166' title='bbox 1227 3812 1269 3876; x_wconf 82' lang='lat'>15,</span> 
     </span>
     <span class='ocr_line' id='line_1_23' title="bbox 312 3879 1271 3948; baseline 0.005 -18"><span class='ocrx_word' id='word_1_167' title='bbox 312 3894 377 3932; x_wconf 79' lang='lat' dir='ltr'>saec.</span> <span class='ocrx_word' id='word_1_168' title='bbox 391 3879 468 3941; x_wconf 65' lang='grc' dir='ltr'>ΧΠ,</span> <span class='ocrx_word' id='word_1_169' title='bbox 486 3879 522 3942; x_wconf 83' lang='lat' dir='ltr'>cf.</span> <span class='ocrx_word' id='word_1_170' title='bbox 535 3880 569 3933; x_wconf 89' lang='lat' dir='ltr'>N.</span> <span class='ocrx_word' id='word_1_171' title='bbox 583 3879 664 3932; x_wconf 80' lang='lat' dir='ltr'>Arch.</span> <span class='ocrx_word' id='word_1_172' title='bbox 677 3880 724 3944; x_wconf 80' lang='lat' dir='ltr'>VI,</span> <span class='ocrx_word' id='word_1_173' title='bbox 734 3897 762 3946; x_wconf 80' lang='lat' dir='ltr'>p.</span> <span class='ocrx_word' id='word_1_174' title='bbox 776 3882 837 3934; x_wconf 89' lang='grc'><strong>281.</strong></span> <span class='ocrx_word' id='word_1_175' title='bbox 852 3911 885 3918; x_wconf 96' lang='grc'>-</span> <span class='ocrx_word' id='word_1_176' title='bbox 899 3883 923 3934; x_wconf 87' lang='lat'>3.</span> <span class='ocrx_word' id='word_1_177' title='bbox 938 3880 1001 3934; x_wconf 83' lang='lat' dir='ltr'>Cod.</span> <span class='ocrx_word' id='word_1_178' title='bbox 1015 3881 1092 3934; x_wconf 80' lang='lat' dir='ltr'>Totct.</span> <span class='ocrx_word' id='word_1_179' title='bbox 1106 3880 1170 3948; x_wconf 84' lang='lat' dir='ltr'>Cap.</span> <span class='ocrx_word' id='word_1_180' title='bbox 1183 3883 1227 3944; x_wconf 89' lang='lat'>43,</span> <span class='ocrx_word' id='word_1_181' title='bbox 1239 3883 1271 3942; x_wconf 86' lang='lat'>6,-</span> 
     </span>
     <span class='ocr_line' id='line_1_24' title="bbox 312 3949 1270 4016; baseline 0.004 -16"><span class='ocrx_word' id='word_1_182' title='bbox 312 3963 378 4004; x_wconf 77' lang='lat' dir='ltr'>sacc.</span> <span class='ocrx_word' id='word_1_183' title='bbox 397 3950 476 4000; x_wconf 92' lang='lat' dir='ltr'><em>XIII</em></span> <span class='ocrx_word' id='word_1_184' title='bbox 479 3967 489 4009; x_wconf 89' lang='lat'>,·</span> <span class='ocrx_word' id='word_1_185' title='bbox 514 3951 549 4014; x_wconf 80' lang='lat' dir='ltr'>cf.</span> <span class='ocrx_word' id='word_1_186' title='bbox 568 3949 649 4003; x_wconf 72' lang='lat' dir='ltr'>Arcti.</span> <span class='ocrx_word' id='word_1_187' title='bbox 667 3949 729 4014; x_wconf 88' lang='lat' dir='ltr'>VII,</span> <span class='ocrx_word' id='word_1_188' title='bbox 744 3967 773 4016; x_wconf 82' lang='lat' dir='ltr'>p.</span> <span class='ocrx_word' id='word_1_189' title='bbox 788 3954 855 4011; x_wconf 83' lang='grc'><strong>720;</strong></span> <span class='ocrx_word' id='word_1_190' title='bbox 877 3951 956 4016; x_wconf 87' lang='lat' dir='ltr'><em>VIII,</em></span> <span class='ocrx_word' id='word_1_191' title='bbox 979 3967 1009 4016; x_wconf 81' lang='lat' dir='ltr'>p.</span> <span class='ocrx_word' id='word_1_192' title='bbox 1028 3954 1088 4006; x_wconf 87' lang='grc'><strong>822.</strong></span> <span class='ocrx_word' id='word_1_193' title='bbox 1111 3982 1141 3988; x_wconf 78' lang='grc'><strong>-</strong></span> <span class='ocrx_word' id='word_1_194' title='bbox 1168 3954 1194 4005; x_wconf 90' lang='grc'>4.</span> <span class='ocrx_word' id='word_1_195' title='bbox 1209 3952 1270 4004; x_wconf 78' lang='lat' dir='ltr'>eod.</span> 
     </span>
     <span class='ocr_line' id='line_1_25' title="bbox 313 4019 1105 4088; baseline 0.008 -17"><span class='ocrx_word' id='word_1_196' title='bbox 313 4019 409 4076; x_wconf 67' lang='lat' dir='ltr'>nsaw.</span> <span class='ocrx_word' id='word_1_197' title='bbox 428 4021 450 4072; x_wconf 84' lang='lat' dir='ltr'><em>S</em></span> <span class='ocrx_word' id='word_1_198' title='bbox 460 4021 495 4072; x_wconf 94' lang='grc' dir='ltr'>ΙΙ</span> <span class='ocrx_word' id='word_1_199' title='bbox 503 4024 547 4086; x_wconf 88' lang='grc'>21,</span> <span class='ocrx_word' id='word_1_200' title='bbox 565 4036 630 4076; x_wconf 78' lang='lat' dir='ltr'>saec.</span> <span class='ocrx_word' id='word_1_201' title='bbox 649 4021 735 4082; x_wconf 88' lang='lat' dir='ltr'><em>XIV,·</em></span> <span class='ocrx_word' id='word_1_202' title='bbox 753 4021 788 4084; x_wconf 77' lang='lat' dir='ltr'>cf.</span> <span class='ocrx_word' id='word_1_203' title='bbox 808 4022 889 4076; x_wconf 75' lang='lat' dir='ltr'>Arch.</span> <span class='ocrx_word' id='word_1_204' title='bbox 907 4022 986 4086; x_wconf 85' lang='lat' dir='ltr'><em>VIII,</em></span> <span class='ocrx_word' id='word_1_205' title='bbox 1002 4039 1030 4088; x_wconf 79' lang='lat' dir='ltr'>p.</span> <span class='ocrx_word' id='word_1_206' title='bbox 1044 4025 1105 4076; x_wconf 80' lang='lat'>817.</span> 
     </span>
    </p>
   </div>
   <div class='ocr_carea' id='block_1_7' title="bbox 152 4213 1277 4320">
    <p class='ocr_par' dir='ltr' id='par_1_9' title="bbox 152 4213 1277 4320">
     <span class='ocr_line' id='line_1_26' title="bbox 152 4213 1277 4266; baseline 0.004 -12"><span class='ocrx_word' id='word_1_207' title='bbox 152 4217 174 4262; x_wconf 79' lang='lat' dir='ltr'>a)</span> <span class='ocrx_word' id='word_1_208' title='bbox 187 4216 244 4256; x_wconf 75' lang='lat' dir='ltr'>duat</span> <span class='ocrx_word' id='word_1_209' title='bbox 258 4215 278 4258; x_wconf 86' lang='grc'>2.</span> <span class='ocrx_word' id='word_1_210' title='bbox 290 4216 311 4258; x_wconf 86' lang='lat'>4.</span> <span class='ocrx_word' id='word_1_211' title='bbox 386 4215 409 4266; x_wconf 81' lang='lat' dir='ltr'>h)</span> <span class='ocrx_word' id='word_1_212' title='bbox 423 4215 555 4255; x_wconf 80' lang='lat' dir='ltr'>necaverint</span> <span class='ocrx_word' id='word_1_213' title='bbox 569 4217 588 4259; x_wconf 77' lang='lat'>8.</span> <span class='ocrx_word' id='word_1_214' title='bbox 656 4219 676 4265; x_wconf 87' lang='lat' dir='ltr'>c)</span> <span class='ocrx_word' id='word_1_215' title='bbox 688 4217 744 4254; x_wconf 74' lang='lat' dir='ltr'>deest</span> <span class='ocrx_word' id='word_1_216' title='bbox 757 4217 777 4258; x_wconf 85' lang='lat'>4.</span> <span class='ocrx_word' id='word_1_217' title='bbox 850 4214 872 4263; x_wconf 89' lang='lat' dir='ltr'>d)</span> <span class='ocrx_word' id='word_1_218' title='bbox 887 4213 1005 4254; x_wconf 74' lang='lat' dir='ltr'>abdicatur</span> <span class='ocrx_word' id='word_1_219' title='bbox 1018 4217 1038 4259; x_wconf 88' lang='lat'>4.</span> <span class='ocrx_word' id='word_1_220' title='bbox 1110 4219 1131 4265; x_wconf 85' lang='lat' dir='ltr'>e)</span> <span class='ocrx_word' id='word_1_221' title='bbox 1146 4227 1186 4266; x_wconf 84' lang='lat' dir='ltr'>per</span> <span class='ocrx_word' id='word_1_222' title='bbox 1200 4215 1277 4266; x_wconf 86' lang='lat' dir='ltr'>quod·.</span> 
     </span>
     <span class='ocr_line' id='line_1_27' title="bbox 153 4267 960 4320; baseline 0 -14"><span class='ocrx_word' id='word_1_223' title='bbox 153 4269 240 4313; x_wconf 82' lang='lat' dir='ltr'>llbet4,</span> <span class='ocrx_word' id='word_1_224' title='bbox 294 4269 359 4320; x_wconf 67' lang='lat' dir='ltr'>Otto</span> <span class='ocrx_word' id='word_1_225' title='bbox 373 4271 447 4312; x_wconf 59' lang='lat' dir='ltr'>somn</span> <span class='ocrx_word' id='word_1_226' title='bbox 501 4269 524 4320; x_wconf 79' lang='lat' dir='ltr'>g)</span> <span class='ocrx_word' id='word_1_227' title='bbox 538 4273 561 4308; x_wconf 85' lang='lat' dir='ltr'>ct</span> <span class='ocrx_word' id='word_1_228' title='bbox 575 4281 596 4319; x_wconf 86' lang='lat' dir='ltr'>p.</span> <span class='ocrx_word' id='word_1_229' title='bbox 611 4267 656 4312; x_wconf 85' lang='lat' dir='ltr'>det.</span> <span class='ocrx_word' id='word_1_230' title='bbox 670 4271 713 4311; x_wconf 79' lang='lat' dir='ltr'>dcc.</span> <span class='ocrx_word' id='word_1_231' title='bbox 728 4270 747 4310; x_wconf 78' lang='lat'>3.</span> <span class='ocrx_word' id='word_1_232' title='bbox 801 4267 825 4319; x_wconf 91' lang='lat' dir='ltr'>h)</span> <span class='ocrx_word' id='word_1_233' title='bbox 839 4269 960 4311; x_wconf 69' lang='lat' dir='ltr'>aminare.</span> 
     </span>
    </p>
   </div>
   <div class='ocr_carea' id='block_1_8' title="bbox 152 4445 1269 4585">
    <p class='ocr_par' dir='ltr' id='par_1_10' title="bbox 152 4445 1269 4585">
     <span class='ocr_line' id='line_1_28' title="bbox 155 4445 1269 4514; baseline 0 -12"><span class='ocrx_word' id='word_1_234' title='bbox 155 4449 181 4514; x_wconf 92' lang='lat'>1)</span> <span class='ocrx_word' id='word_1_235' title='bbox 199 4447 304 4498; x_wconf 77' lang='lat' dir='ltr'>Scilicet</span> <span class='ocrx_word' id='word_1_236' title='bbox 322 4447 415 4498; x_wconf 78' lang='lat' dir='ltr'>titulo:</span> <span class='ocrx_word' id='word_1_237' title='bbox 439 4445 481 4498; x_wconf 84' lang='lat' dir='ltr'>De</span> <span class='ocrx_word' id='word_1_238' title='bbox 500 4445 623 4500; x_wconf 82' lang='lat' dir='ltr'>falsariis.</span> <span class='ocrx_word' id='word_1_239' title='bbox 660 4447 723 4497; x_wconf 76' lang='lat' dir='ltr'>Non</span> <span class='ocrx_word' id='word_1_240' title='bbox 746 4446 782 4497; x_wconf 80' lang='lat' dir='ltr'>acl</span> <span class='ocrx_word' id='word_1_241' title='bbox 805 4447 885 4512; x_wconf 65' lang='lat' dir='ltr'>leuem</span> <span class='ocrx_word' id='word_1_242' title='bbox 904 4446 1101 4498; x_wconf 75' lang='lat' dir='ltr'>Chindusuindi</span> <span class='ocrx_word' id='word_1_243' title='bbox 1121 4447 1184 4513; x_wconf 83' lang='lat' dir='ltr'>VII,</span> <span class='ocrx_word' id='word_1_244' title='bbox 1204 4451 1229 4514; x_wconf 84' lang='lat'>5,</span> <span class='ocrx_word' id='word_1_245' title='bbox 1243 4451 1269 4512; x_wconf 81' lang='grc'>2,</span> 
     </span>
     <span class='ocr_line' id='line_1_29' title="bbox 152 4517 1269 4585; baseline 0.003 -17"><span class='ocrx_word' id='word_1_246' title='bbox 152 4534 219 4585; x_wconf 80' lang='lat' dir='ltr'>quae</span> <span class='ocrx_word' id='word_1_247' title='bbox 236 4533 290 4569; x_wconf 73' lang='lat' dir='ltr'>novi</span> <span class='ocrx_word' id='word_1_248' title='bbox 308 4524 346 4569; x_wconf 79' lang='lat' dir='ltr'>est</span> <span class='ocrx_word' id='word_1_249' title='bbox 365 4519 516 4584; x_wconf 76' lang='lat' dir='ltr'>‘super·ior’,</span> <span class='ocrx_word' id='word_1_250' title='bbox 542 4518 587 4570; x_wconf 83' lang='lat' dir='ltr'>scd</span> <span class='ocrx_word' id='word_1_251' title='bbox 609 4519 645 4568; x_wconf 82' lang='lat' dir='ltr'>ad</span> <span class='ocrx_word' id='word_1_252' title='bbox 669 4519 808 4584; x_wconf 78' lang='lat' dir='ltr'>antiquom</span> <span class='ocrx_word' id='word_1_253' title='bbox 826 4517 990 4583; x_wconf 53' lang='lat' dir='ltr'>deterritam</span> <span class='ocrx_word' id='word_1_254' title='bbox 1005 4520 1140 4583; x_wconf 70' lang='lat' dir='ltr'>peru&#39;nere</span> <span class='ocrx_word' id='word_1_255' title='bbox 1157 4520 1269 4572; x_wconf 77' lang='lat' dir='ltr'>videtur.</span> 
     </span>
    </p>
   </div>
   <div class='ocr_carea' id='block_1_9' title="bbox 16 4605 1055 4690">
    <p class='ocr_par' dir='ltr' id='par_1_11' title="bbox 16 4605 1055 4690">
     <span class='ocr_line' id='line_1_30' title="bbox 16 4605 1055 4690; baseline -0.002 -27"><span class='ocrx_word' id='word_1_256' title='bbox 16 4605 17 4690; x_wconf 52' lang='lat' dir='ltr'>i</span> <span class='ocrx_word' id='word_1_257' title='bbox 232 4625 277 4668; x_wconf 75' lang='lat' dir='ltr'>nh.</span> <span class='ocrx_word' id='word_1_258' title='bbox 286 4624 356 4673; x_wconf 69' lang='lat' dir='ltr'>vulg.</span> <span class='ocrx_word' id='word_1_259' title='bbox 370 4629 418 4668; x_wconf 72' lang='lat' dir='ltr'>aut.</span> <span class='ocrx_word' id='word_1_260' title='bbox 1021 4627 1055 4676; x_wconf 74' lang='lat'>21</span> 
     </span>
    </p>
   </div>
   <div class='ocr_carea' id='block_1_10' title="bbox 0 0 1612 5198">
    <p class='ocr_par' dir='ltr' id='par_1_12' title="bbox 0 0 1612 5198">
     <span class='ocr_line' id='line_1_31' title="bbox 0 0 1612 5198; baseline 0 1"><span class='ocrx_word' id='word_1_261' title='bbox 0 0 1612 5198; x_wconf 95' lang='lat' dir='ltr'> </span> 
     </span>
    </p>
   </div>
  </div>
 </body>
</html>
