3218 5202
357 552 434 608 LEX
452 554 569 612 VISIG.
586 553 857 612 REOGESSVIND.
892 554 948 624 ΠΙ,
965 559 1048 624 4,12.
1063 558 1106 612 13.
1241 558 1294 612 107

173 737 284 801 ultore
308 737 510 802 subiacebit.
556 738 651 802 Uxor
678 742 795 802 autem
826 737 986 802 adultera
1015 739 1085 802 sive
1115 738 1158 802 de
1188 739 1295 822 priori

174 826 333 908 coniugio
355 827 411 890 vel
435 829 608 910 postremo
631 827 804 909 legitimos
828 826 916 890 filios
940 827 1067 891 habere
1091 827 1291 900 dinoscitur,

174 917 388 996 sequestrata
418 915 499 978 filiis
534 915 576 980 de
607 915 712 999 priori
742 915 902 998 coniugio
939 916 1132 999 portionem
1167 909 1223 980 etf
1256 916 1294 978 in

174 1024 290 1068 eorum
314 1006 487 1086 potestate
509 1004 666 1080 relictaff,
691 1004 739 1068 sic
764 1024 903 1067 suorum
926 1003 1075 1068 filiorum
1099 1025 1140 1068 ex
1162 1005 1292 1080 eadem,

173 1083 259 1175 quell
285 1086 521 1175 postmodumi
544 1093 581 1154 in
597 1092 770 1156 adulterio
786 1092 1010 1169 convincitur,
1036 1091 1181 1176 coniuge
1205 1113 1294 1156 crea·

173 1184 288 1244 torum
317 1181 461 1244 maritus
492 1181 565 1245 eius
596 1181 790 1265 portionem
820 1180 986 1257 obtineat,
1017 1184 1058 1243 ut
1088 1184 1166 1264 post
1194 1201 1294 1244 suurn

174 1269 307 1333 obitum
330 1269 459 1334 eisdem
482 1269 563 1333 filiis
590 1269 831 1354 possidendam
854 1269 1038 1353 relinquat.
1085 1269 1143 1332 Ita
1164 1272 1292 1344 tamen,

173 1361 222 1434 ut,
247 1360 429 1440 postquam
445 1378 532 1421 uxor
547 1358 706 1422 adultera
728 1358 765 1421 in
781 1351 1011 1442 potestatemk
1029 1358 1137 1422 fuerit
1152 1352 1290 1422 maritif

172 1446 327 1523 redacta,
362 1446 461 1510 nulla
491 1447 538 1510 sit
569 1447 624 1510 illi
652 1446 799 1511 ulterius
829 1446 884 1510 vel
914 1447 1110 1510 fornicandi
1144 1467 1223 1510 cum
1253 1467 1296 1510 ea

172 1534 227 1598 rel
255 1535 292 1597 in
317 1535 516 1618 coniugium
541 1529 657 1600 illaml
684 1534 750 1598 sibi
777 1535 931 1599 sociandi
953 1535 1105 1599 licentia.
1151 1535 1241 1599 Nam
1265 1536 1294 1598 si

173 1623 305 1700 fecerit,
336 1623 410 1707 ipse
440 1624 579 1707 quidem
610 1625 652 1688 de
681 1624 785 1688 rebus
808 1623 881 1687 eius
904 1623 993 1686 nihil
1017 1624 1199 1688 habiturus
1224 1628 1292 1700 est;

172 1712 284 1775 omnis
310 1715 428 1777 tamen
455 1713 609 1777 mulieris
635 1712 786 1777 facultas
816 1714 878 1774 aut
907 1712 988 1776 filiis
1015 1713 1089 1777 eius
1119 1712 1292 1795 legitimis,

174 1800 306 1951 quttpli
334 1801 399 1864 filii
429 1801 614 1878 defuerint,
645 1801 830 1865 heredibus
859 1801 1013 1864 mulieris
1043 1821 1084 1866 ex
1114 1804 1190 1864 toto
1221 1821 1294 1884 pro-

143 1945 149 1957 .
198 1909 250 1953 cre
301 1935 308 1950 .

368 2023 451 2082 xm.
481 2023 650 2080 rmvms
670 2003 982 2080 cumulavimus
1001 2024 1089 2081 anx.

174 2137 233 2201 De
257 2139 473 2220 personis,
498 2138 655 2221 quibus
678 2138 948 2202 adulterium
969 2157 1176 2202 accusare
1200 2158 1294 2201 con-

176 2225 363 2304 ceditur,
410 2230 452 2291 et
495 2226 690 2310 qualiter
732 2227 931 2310 perquiri
974 2230 1048 2290 aut
1091 2227 1296 2291 convinci

622 2315 840 2379 iubeturss.

282 2419 341 2484 Si¹
364 2424 600 2504 perpetratum
630 2421 741 2484 scelus
771 2421 893 2504 legalis
921 2441 1065 2485 censura
1092 2442 1162 2485 non
1183 2441 1295 2505 repre·

176 2501 276 2586 mitl,
309 2509 553 2573 sceleratomm
582 2509 759 2575 temeritas
787 2509 851 2573 ab⁰
880 2510 1031 2573 adsuetis
1054 2510 1148 2573 vitiis
1171 2529 1295 2593 nequa-

176 2618 276 2680 quam
311 2597 466 2681 quiescit.
524 2598 691 2681 Ideoque,
730 2599 813 2681 quia*
845 2593 1082 2682 quorundaml
1119 2599 1295 2663 interdum

175 2706 305 2762 uxores,
333 2687 425 2750 viros
454 2707 533 2750 suos
561 2686 824 2751 habominantes
854 2707 994 2769 seseque
1024 2687 1195 2751 adulterio
1225 2687 1295 2770 pol·

176 2774 319 2852 luentes,
349 2775 401 2838 ita
430 2776 628 2859 potionibus
651 2775 857 2859 quibusdam
879 2775 934 2840 vel
957 2775 1204 2839 maleficiorum
1227 2776 1295 2839 fac·

174 2863 327 2927 tionibus
350 2865 557 2928 eorundeme
581 2864 732 2928 virorum
755 2867 888 2928 mentes
911 2863 1065 2928 alienant
1088 2864 1199 2946 adque
1223 2885 1295 2948 pre·

176 2951 336 3035 cipitant,
371 2956 412 3015 ut
444 2973 509 3017 nec
544 2953 701 3036 agnitum
735 2952 851 3016 uxoris
889 2951 1098 3017 adulterium
1133 2972 1295 3017 accusare

175 3040 313 3123 publice
335 3040 391 3106 vel
414 3041 600 3106 defendere
622 3041 771 3118 valeant,
802 3061 864 3105 nec
893 3041 936 3105 ab
960 3041 1114 3104 eiusdem
1137 3040 1295 3104 adultere

176 3122 351 3212 coniugisf
371 3130 542 3194 consortio
558 3130 613 3195 vel
630 3130 837 3194 dilectioneg
856 3129 1044 3206 discedant,
1069 3129 1105 3192 id
1127 3129 1164 3191 in
1184 3129 1294 3193 causis

175 3217 304 3281 talibus
327 3219 467 3282 omnino
493 3219 699 3283 servandum
722 3221 790 3283 est:
821 3221 872 3294 ut,
903 3219 932 3281 si
955 3217 1108 3282 eiusdem
1137 3218 1295 3282 adultere

177 3309 236 3368 aut
259 3299 421 3390 deceptih
448 3307 565 3370 mariti
589 3310 682 3372 etate
705 3310 788 3370 sunt
810 3306 958 3390 legitimi
980 3306 1053 3383 filii,
1080 3307 1173 3390 ipsis,
1197 3307 1296 3369 iuxta

176 3394 267 3476 quod
283 3395 427 3458 maritus
443 3395 600 3460 adultere
616 3388 787 3479 poteratf,
813 3395 859 3458 sit
875 3398 960 3479 aput
975 3395 1125 3459 iudicem
1141 3394 1295 3460 mulieris

176 3482 385 3547 adulterium
415 3484 600 3548 accusandi
625 3477 707 3548 velk
734 3485 967 3568 conprovandi
994 3483 1144 3548 licentia.
1193 3483 1295 3548 Certe

176 3571 204 3634 si
226 3574 288 3635 aut
311 3571 375 3634 filii
398 3572 533 3650 desunt,
558 3575 620 3636 aut
640 3594 711 3637 non
726 3566 897 3637 eiusdeml
920 3573 1023 3636 etatis
1038 3572 1093 3637 vel
1109 3572 1294 3648 sollertiae,

175 3660 233 3742 qui
263 3660 329 3724 hoc
357 3661 541 3744 expetirem
571 3661 726 3744 legitime
756 3661 898 3745 possint,
929 3667 993 3726 ne¹¹
1024 3662 1180 3738 fortasse,
1212 3661 1295 3725 dum

176 3748 297 3812 dilatio
320 3748 510 3814 ulciscendi
533 3750 697 3814 adulterii
719 3750 914 3826 intercedit,
939 3752 1001 3812 aut
1025 3750 1208 3833 deceptum
1228 3770 1296 3812 ma-

174 3837 281 3900 ritum
310 3837 553 3902 fraudulenter
583 3838 742 3903 adultera
771 3839 928 3922 perimat,
960 3841 1021 3901 aut
1048 3837 1198 3902 facultas
1222 3839 1296 3902 eius

175 3924 255 3990 filiis
286 3926 356 3990 suis
386 3929 467 3990 ant⁰
495 3927 695 4012 propinquis
725 3946 766 3991 ex
796 3927 861 3990 hac
889 3927 1093 3991 hoccasione
1121 3927 1294 4009 depereat,

281 4116 430 4164 numelli.
470 4119 493 4166 g)
506 4116 597 4157 relictas
609 4118 656 4161 121.
697 4117 720 4166 t)
734 4117 830 4166 quina.
871 4115 1047 4164 l)modumR1.
1088 4116 1295 4165 mpotcstaterei.

174 4169 191 4218 l)
204 4169 273 4208 ullam
288 4169 335 4211 aa.
388 4172 419 4219 m)
433 4170 560 4219 percipient
572 4171 619 4213 aa

281 4223 345 4265 1111,
371 4224 393 4271 a)
403 4221 560 4274 debatur-1215
574 4223 737 4266 tutanturRll.
773 4223 797 4271 b)
807 4222 910 4271 reprimit
919 4222 1143 4264 incolomem-amaa.
1180 4219 1295 4271 c)adR1.

175 4271 307 4322 d)condam
322 4277 368 4320 Rl.
423 4278 444 4324 e)
458 4274 606 4325 quorumdam
620 4278 666 4320 121.
720 4277 857 4325 oconiugcs
872 4277 918 4320 121.
972 4275 995 4327 g)
1009 4273 1108 4315 dictione
1122 4276 1169 4319 121.
1222 4273 1295 4323 tnde-

176 4329 248 4377 captio
263 4329 311 4373 m.
372 4329 388 4377 l)
402 4334 507 4378 potuerat
520 4330 567 4374 Μ.
628 4330 652 4378 k)
667 4334 690 4369 et
703 4327 856 4379 conprobandl
870 4330 916 4373 aa.
977 4329 994 4381 l)
1008 4327 1093 4369 eludam
1107 4329 1180 4372 BL·
1211 4327 1242 4382 m)
1257 4338 1295 4368 ex-

175 4380 254 4430 pedire
268 4382 316 4425 Bt.
370 4384 394 4431 n)
409 4394 451 4424 nac
464 4384 512 4426 121.
566 4385 587 4433 o)
601 4383 639 4424 vel
652 4384 699 4426 122.

177 4523 202 4589 1)
221 4524 280 4577 Lea
297 4524 412 4588 sortasse
429 4525 496 4577 data
513 4532 551 4578 est
568 4526 605 4578 ad
622 4525 770 4593 exemplum
787 4525 819 4578 L.
839 4524 914 4578 Rom.
929 4524 984 4578 Vis.
1002 4523 1030 4578 O.
1047 4522 1096 4577 Ta.
1114 4522 1166 4589 IX,
1186 4524 1212 4589 4,
1232 4525 1258 4576 2.
