3264 5206
373 519 450 574 LEX
468 517 584 574 VISIG.
602 517 873 575 REOOESSVIND.
909 517 979 585 ΠΗ,
998 521 1023 587 5,
1042 523 1069 575 3.
1086 517 1113 575 4:
1252 523 1301 574 141

183 703 385 786 plerumque
401 702 590 787 parentalis
606 702 777 766 calliditas
794 701 910 784 exigit,
935 701 971 764 id
993 705 1148 786 tempore
1169 704 1302 786 nuptia·

182 813 259 854 rum
282 790 363 854 filiis
387 791 478 867 dare,
503 791 595 873 quod
618 791 903 872 quandocumque
925 789 1099 854 voluerint
1122 791 1303 857 auferendi

182 880 336 944 habeant
358 882 576 962 potestatem,
606 878 773 961 abrogata
796 878 956 961 deinceps
980 880 1108 956 eadem,
1140 900 1208 962 qua
1230 901 1301 963 pre·

183 961 336 1032 dictuml‘
352 971 413 1044 est,
432 970 615 1050 parentum
631 966 834 1042 calliditate,
852 967 917 1030 hac
934 968 1102 1051 perpetim
1118 967 1195 1052 lege
1211 990 1302 1031 man-

126 1088 151 1122 v.
182 1060 320 1119 surum⁰
344 1056 540 1139 peremnia
561 1055 734 1120 noverint:
759 1058 809 1130 ut,
834 1055 969 1137 siquid
993 1075 1053 1120 seu
1077 1076 1138 1139 per
1161 1059 1302 1141 scriptu·

181 1165 255 1209 ram
278 1145 349 1209 sive
371 1165 433 1228 per
447 1144 671 1208 traditionem
686 1143 737 1208 rei
753 1178 795 1185 —
812 1146 909 1208 extra
924 1145 1016 1226 quod
1039 1144 1075 1205 in
1092 1145 1301 1209 ornamentis

181 1237 243 1296 aut
272 1233 487 1297 vestimentis
516 1227 597 1297 vel<l
627 1231 769 1314 reliquis
799 1231 991 1315 speciebus,
1022 1232 1112 1296 sicut
1142 1234 1217 1298 fieri
1246 1235 1301 1298 ad·

181 1321 303 1398 solet⁰,
331 1342 393 1404 pro
418 1320 589 1404 dignitate
612 1320 823 1403 nuptialium
844 1319 1003 1385 federum
1027 1321 1070 1384 ab
1094 1322 1171 1385 aliis
1193 1322 1302 1386 fuerit

181 1411 327 1474 fortasse
347 1413 541 1493 acceptum;
566 1409 658 1492 quod
673 1409 794 1491 utique
818 1409 1116 1473 commodantibus
1140 1410 1206 1475 erit
1228 1412 1301 1474 red·
1374 1435 1378 1444 ·

182 1499 334 1563 dendum
345 1532 388 1541 —
405 1499 441 1561 in
456 1498 647 1582 mancipiis,
664 1498 774 1574 terris,
787 1497 906 1573 vineis,
920 1497 1072 1574 edificiis,
1086 1499 1300 1563 vestimentis

182 1589 292 1669 adque
327 1587 537 1651 ornamentis
571 1587 680 1651 fuerit
710 1606 731 1649 a
760 1584 960 1669 parentibus
995 1586 1065 1650 sive
1100 1587 1301 1671 nuptiarum

180 1679 335 1759 tempore
358 1676 429 1738 sive
451 1677 530 1758 post
553 1676 693 1758 nuptias
716 1674 797 1738 filiis
825 1694 1039 1757 quocumque
1069 1675 1170 1738 modo
1199 1677 1300 1739 dona·

180 1757 290 1840 tumf,
316 1764 554 1846 quodcumque
573 1764 653 1828 inde
669 1763 732 1826 filii
755 1763 908 1826 iudicare
923 1762 1105 1840 voluerint,
1130 1763 1166 1825 in
1183 1784 1300 1828 eorum

181 1851 347 1916 consistat
376 1852 536 1928 arbitrio;
568 1852 689 1916 eodem
717 1855 856 1915 tantum
879 1851 999 1915 ordine
1022 1856 1235 1928 reservatoss,
1260 1857 1301 1915 ut

180 1944 258 2024 post
288 1944 470 2024 parentum
501 1939 670 2015 hobitum,
702 1940 785 2003 dum
808 1939 888 2003 filiis
912 1933 1090 2023 patuerith
1117 1934 1292 2005 adeundai

180 2029 358 2104 successio
390 2031 533 2113 excepto
563 2029 609 2105 id,
640 2029 732 2111 quod
761 2032 921 2112 parentes
949 2021 1055 2091 liliisll
1082 2029 1179 2093 iuxta
1206 2031 1299 2112 leges

179 2118 326 2182 fortasse
345 2117 557 2194 donaverint,
583 2117 702 2182 eadem
725 2117 816 2180 inter
832 2117 974 2180 heredes
998 2118 1205 2200 quoequatio
1221 2118 1298 2182 fiat:

180 2209 229 2282 ut,
254 2206 346 2288 quod
361 2206 559 2290 nuptiarum
576 2209 732 2289 tempore
755 2204 847 2268 filius
863 2199 941 2268 vel(l
959 2203 1032 2268 filia
1055 2227 1075 2268 a
1098 2207 1299 2290 parentibus

179 2296 277 2358 iuxta
292 2295 486 2378 predictum
502 2295 657 2359 ordinem
672 2294 916 2377 possidendum
932 2294 1074 2376 accepit,
1100 2297 1135 2358 et
1157 2294 1300 2359 licentia

180 2383 226 2446 sit
248 2383 302 2445 illi
326 2383 448 2447 exinde
466 2383 558 2466 quod
573 2382 723 2446 voluerit
746 2382 932 2458 iudicandi,
956 2385 992 2445 et
1015 2386 1093 2465 post
1115 2387 1299 2466 parentum

182 2465 363 2553 [obitumk]
396 2471 594 2536 aderatione
625 2469 766 2546 adibita,
797 2471 1008 2553 contropatis
1031 2471 1094 2548 his,
1127 2491 1193 2553 que
1215 2474 1298 2536 tem·

180 2580 261 2643 pore
277 2559 477 2643 nuptiarum
493 2559 690 2644 promeruit,
711 2560 823 2643 adque
839 2558 1022 2623 heredibus
1040 2560 1162 2624 ceteris
1178 2560 1298 2624 eadem

181 2651 391 2731 conpensata
414 2648 612 2730 equalitate,
637 2648 804 2731 quidquid
828 2667 929 2731 super
953 2647 996 2711 de
1019 2651 1202 2731 parentum
1225 2668 1298 2712 esse

180 2737 374 2801 hereditate
397 2737 602 2812 constiterit,
632 2736 746 2821 equali
775 2739 918 2801 teneant
947 2736 1011 2800 hac
1040 2739 1228 2818 sequantur
1251 2737 1299 2800 di·

180 2845 320 2890 visione.

369 2995 439 3052 ΙΙΠ.
470 2994 638 3051 FLAVIUS
658 2993 970 3050 CHINDASVINDUS
989 2993 1069 3048 REX
1079 3004 1105 3051 Ε.

182 3108 240 3172 De
268 3108 387 3171 filiis
416 3109 463 3172 de
487 3108 674 3171 diversis
698 3107 959 3192 parentibus
983 3108 1117 3183 natis,
1148 3110 1190 3170 et
1218 3128 1299 3190 qua

181 3197 453 3260 discretione
503 3195 1082 3348 parentpppegdsequantur
1131 3195 1298 3259 heredi-

288 3391 324 3454 si
354 3391 549 3474 provenerit
583 3411 692 3453 unum
720 3390 831 3454 virum
865 3390 981 3474 plures
1016 3390 1143 3455 habere
1177 3410 1299 3454 uxores

182 3481 292 3561 adque
316 3500 357 3543 ex
380 3478 538 3542 omnibus
566 3479 655 3543 filios
682 3499 872 3562 procreare,
905 3483 940 3543 et
970 3475 1120 3562 aliquem
1150 3479 1299 3542 filiorum

181 3571 242 3630 aut
265 3568 415 3631 filiarum
438 3568 618 3651 contingat
641 3568 847 3631 intestatum
870 3568 913 3631 ab
937 3568 1003 3631 hac
1018 3568 1091 3631 vita
1114 3568 1297 3642 discedere,

181 3655 383 3720 facultatem
414 3656 496 3733 eius,
529 3657 558 3720 si
580 3656 669 3719 fflios
692 3677 762 3720 non
785 3655 963 3739 reliquerit
985 3656 1041 3721 vel
1064 3661 1216 3740 nepotes,
1245 3655 1299 3717 illi

180 3745 305 3810 fratres
325 3745 381 3809 vel
404 3765 535 3809 sorores
555 3745 804 3828 adprehensuri
826 3748 908 3807 sunt
932 3744 1064 3827 sibique
1079 3744 1297 3816 vindicaturi,

181 3854 264 3915 quos
296 3853 337 3898 ex
365 3855 435 3896 uno
465 3837 564 3917 patre
594 3837 629 3897 et
659 3853 700 3898 ex
727 3853 797 3896 una
826 3836 937 3897 matre
965 3836 1102 3896 constat
1130 3853 1202 3897 esse
1226 3853 1299 3915 pro-

101 3974 108 3988 .
144 3975 151 3988 .
180 3923 326 4003 genitos.
361 3916 474 3986 Talisb
502 3922 714 3986 etiamordo
738 3920 939 3998 servabitur,
964 3921 1086 3984 sinna
1108 3921 1233 3985 mulier
1257 3922 1299 3984 de

180 4009 357 4093 pluribus⁰
383 4011 516 4074 maritis
539 4010 628 4074 filios
651 4010 789 4074 babeat.
835 4009 926 4073 Nam
949 4005 1126 4074 similiterd
1151 4010 1299 4073 fratrum

180 4119 401 4181 sororumque
424 4099 663 4176 hereditatem,
694 4100 767 4161 tam
795 4102 834 4160 ae
863 4102 1008 4182 paterna
1038 4119 1139 4181 quam
1164 4102 1204 4162 a⁰
1232 4118 1299 4160 ma-

287 4289 310 4336 b)
327 4286 431 4337 predicta
448 4289 497 4331 132.
578 4290 598 4336 c)
617 4299 744 4328 mansuram
763 4289 812 4331 122.
892 4286 916 4339 d)
934 4289 990 4327 aaa
1008 4289 1055 4332 131.
1136 4289 1157 4336 a)
1176 4288 1234 4328 solet
1252 4289 1299 4332 121,

180 4342 288 4387 anatum
303 4342 353 4384 122.
411 4344 433 4391 g)
447 4346 539 4382 servato
553 4342 573 4380 R
582 4343 602 4383 2.
660 4342 684 4390 h)
697 4341 798 4391 patuerit
811 4363 837 4370 -
851 4340 903 4381 flllls
918 4353 959 4384 om.
972 4343 1019 4385 ΕΙ.
1080 4342 1096 4390 ἰ)
1109 4339 1236 4381 adeundam
1250 4343 1271 4380 R
1280 4341 1299 4383 2.

180 4395 204 4443 k)
218 4397 274 4434 deest
287 4395 333 4437 121.
343 4395 367 4446 2;
386 4395 527 4444 supplendum
541 4405 569 4433 ex
582 4395 607 4436 F).

286 4448 341 4491 1111.
381 4450 404 4496 a)
417 4450 474 4487 deest
487 4449 534 4490 121.
597 4448 620 4495 b)
633 4447 665 4487 ut
678 4447 730 4486 talis
744 4448 794 4491 Ba.
857 4449 878 4496 c)
892 4447 994 4497 plurimis
1008 4448 1057 4490 aa.
1124 4445 1194 4495 druto
1208 4448 1260 4498 E1;
1280 4448 1299 4486 sl

181 4501 261 4541 nrullur
272 4513 317 4550 pro
330 4501 435 4542 similiter
448 4503 494 4544 Rl.
505 4502 524 4543 2.
579 4501 600 4552 e)
614 4499 642 4540 ad
658 4501 677 4539 R
685 4503 703 4543 1.
