3198 5202
342 551 420 606 Lux
438 550 554 607 VISIG.
573 550 841 608 REOOESSVIND.
878 551 945 618 XII,
964 557 990 621 2,
1009 556 1088 608 6-8.
1222 558 1276 609 303

256 730 308 785 VI.
339 728 507 782 FLAVIUS
527 727 740 782 GLORIOSUS
758 727 1068 784 REOOESSVINDUS
1087 729 1173 784 REX.

151 844 212 912 Ne
237 843 362 905 Iudei
386 861 499 905 more
523 862 593 904 suo
617 841 742 904 fedus
766 841 1008 924 conpulent
1031 843 1274 925 nuptiale³.

261 950 372 1012 Nemo
396 968 437 1010 ex
461 947 579 1010 Iudeis
602 940 885 1030 propinquitateb
914 949 1089 1029 sanguinis
1118 949 1170 1010 sui
1200 970 1274 1011 con·

150 1041 269 1121 iugi0⁰
299 1037 452 1121 copulet,
484 1036 655 1099 adulterio
686 1035 835 1118 polluat,
866 1031 1019 1098 incestod
1047 1038 1273 1101 conmaculet.

153 1127 282 1190 Nullus
313 1146 420 1207 usque
451 1127 494 1188 ad
525 1128 659 1187 sextum
689 1125 823 1206 generis
851 1125 998 1206 gradum
1026 1125 1174 1187 coitum⁸
1203 1147 1275 1208 per·

154 1237 274 1280 sonam
305 1233 556 1296 quamcumque
585 1214 774 1295 contingat.
826 1212 953 1275 Nullus
983 1214 1074 1276 festa
1103 1215 1275 1297 nuptialia

155 1305 266 1380 aliter,
297 1324 400 1385 quam
424 1303 691 1365 christianorum
714 1322 786 1364 mos
811 1302 925 1378 habet,
951 1303 1005 1365 vel
1030 1297 1192 1385 abpetatf
1219 1303 1274 1366 vel

154 1396 307 1543 usurppt.
365 1390 455 1454 Nam
495 1392 651 1454 detectus
692 1391 922 1453 damnationis
963 1391 1043 1454 date
1083 1391 1273 1455 ultionibus

155 1501 259 1565 pume
277 1502 328 1543 ur.

244 1651 310 1707 VII.
342 1649 510 1705 suavius
530 1648 743 1704 GLORIOSUS
762 1648 1071 1704 REGOESSVINDUS
1089 1650 1176 1706 REX.

149 1764 240 1832 Nea
279 1764 406 1826 Iudei
449 1763 594 1827 carnis
635 1763 806 1825 faciant
846 1763 1270 1827 circumcissionesl.

261 1869 389 1932 Nullus
405 1869 593 1933 Iudeorum
610 1869 919 1931 eircumcissionem
935 1869 1134 1952 operabitur
1151 1871 1271 1933 carnis.

153 1958 281 2021 Nullus
312 1959 402 2021 hanc
433 1958 498 2021 sibi
527 1958 600 2021 fieri
629 1958 780 2040 patietur
808 1957 987 2020 indemnis.
1036 1957 1114 2021 Non
1145 1979 1270 2035 servus,

153 2069 224 2111 non
247 2048 417 2129 ingenuus
442 2050 503 2109 aut
526 2046 681 2120 libertus,
706 2046 821 2108 incola
839 2046 895 2109 vel
918 2050 1100 2110 extraneus
1121 2047 1273 2110 eiusdem

153 2136 358 2199 detestande
387 2128 572 2198 sectionisb
601 2134 823 2217 obprobrium
851 2155 1064 2216 quacumque
1095 2137 1272 2200 occasione

154 2228 216 2287 aut
239 2225 391 2307 perferet
415 2228 475 2287 aut
500 2223 602 2287 alteri
624 2223 752 2286 inferre
777 2226 962 2306 presumat.
1010 2224 1099 2288 Nam
1123 2225 1272 2307 quicum-

152 2333 220 2396 que
244 2313 378 2397 isponte
398 2312 485 2375 talia
501 2313 623 2376 fecisse
639 2311 694 2375 vei
711 2312 913 2375 sustinuisse
929 2313 1142 2395 probabitur,
1168 2315 1268 2377 date⁰

154 2401 240 2484 legis
264 2402 447 2465 severitate
471 2401 652 2484 plectetur.

228 2589 334 2645 VIII.a
363 2589 531 2643 FLAVIUS
551 2587 764 2642 GLORIOSUS
782 2587 1091 2643 REOOESSVINDUS
1109 2589 1196 2644 REX.

214 2703 273 2766 Nc
309 2703 438 2766 Iudei
476 2722 589 2765 more
629 2722 703 2764 suo
742 2695 1017 2764 diiudicentb
1053 2706 1212 2764 escas⁸.

263 2808 350 2872 Oum
388 2808 510 2871 beatus
549 2805 676 2870 Paulus
716 2807 918 2890 apostulus⁰
963 2808 1072 2870 dicat:
1117 2807 1273 2871 ‘Omnial

152 2899 284 2965 munda
312 2897 458 2972 mundis,
489 2897 718 2978 coinquinatis
747 2898 863 2959 autem
893 2898 929 2958 et
959 2896 1156 2959 infidelibus
1185 2897 1273 2959 nihil

154 2990 207 3050 est
236 2985 423 3061 mundum',
452 2985 575 3048 merito
599 2985 786 3047 Iudeorum
818 2984 1032 3048 detestabilis
1056 2985 1127 3047 vita
1151 2990 1186 3047 et
1210 2986 1273 3048 dis·

154 3075 317 3142 cretionis
341 3075 510 3141 horrende
535 3073 709 3136 mundicia
736 3074 829 3135 omni
853 3074 1005 3136 sordium
1029 3069 1199 3136 erroremd
1226 3073 1274 3136 in·

154 3164 315 3226 mundior
343 3165 378 3226 et
404 3162 539 3225 refelli⁰
568 3163 705 3244 oportet
737 3164 772 3224 et
805 3160 920 3224 habici
948 3161 1060 3224 debet.
1114 3161 1168 3224 Ne
1198 3163 1273 3243 quis

156 3273 237 3335 ergo
265 3271 306 3315 ex
334 3251 387 3314 his
415 3251 566 3333 primeve
593 3243 685 3312 rituf
712 3250 913 3313 tradicionis
938 3253 973 3312 et
995 3250 1112 3312 usuati
1136 3270 1273 3314 consue·

155 3341 277 3403 tudine
301 3340 403 3402 moris
420 3339 564 3401 mundas
589 3339 631 3401 ab
648 3338 823 3400 inmundis
840 3338 1007 3401 diiudicet
1024 3358 1127 3402 escas.
1163 3339 1273 3401 Nemo

151 3429 323 3491 sumenda
357 3428 542 3490 inhonesta
575 3427 709 3503 reiciat,
751 3447 816 3509 que
850 3426 951 3490 valde
987 3426 1078 3489 bona
1113 3447 1185 3490 esse
1220 3427 1274 3489 sui

152 3517 313 3580 condicio
341 3516 475 3599 probat.
521 3515 631 3579 Nemo
655 3535 696 3578 ex
719 3515 773 3577 his
798 3515 886 3577 aliut
914 3515 1034 3598 privet,
1065 3515 1153 3578 aliut
1180 3536 1274 3578 usur-

157 3609 226 3688 pet,
250 3605 316 3668 nisi
338 3608 479 3667 tanturn
494 3604 556 3666 illa
572 3604 778 3666 discretione
798 3607 941 3679 servata,
966 3624 1032 3686 que
1056 3604 1099 3667 ab
1116 3604 1274 3667 omnibus

158 3694 353 3756 christianis
388 3695 528 3756 tenetur
562 3691 722 3755 salutaris
757 3695 792 3754 et
827 3712 987 3774 congrua.
1041 3692 1206 3774 Alioquin
1238 3693 1274 3754 in

150 3782 426 3864 transgressione
457 3781 600 3863 quisque
631 3781 788 3843 detectus
819 3781 1017 3844 constitutis
1051 3781 1116 3844 erit
1149 3781 1274 3864 suppli·

152 3870 218 3933 ciis
241 3869 464 3933 addicendus.

264 4059 303 4101 VI.
350 4061 372 4106 a)
391 4059 521 4106 nuptiarum
535 4059 580 4100 131.
661 4058 684 4105 b)
703 4058 895 4107 propinquitatem
910 4059 958 4099 Ra.
1041 4069 1053 4096 c

152 4112 205 4151 ‘lent
219 4113 265 4153 1³1.
320 4109 344 4160 d)
358 4112 445 4150 incestu
460 4112 508 4153 Μ,
563 4114 584 4158 e)
597 4112 704 4159 intellr'ye:
719 4111 791 4160 coitu;
807 4111 866 4149 coita
880 4112 928 4153 Ra.
982 4109 1169 4160 oadpetatBt.

264 4165 315 4206 VII.
356 4167 378 4212 a)
392 4165 482 4202 rubrica
495 4165 613 4206 deestllil.
668 4165 736 4214 mita
750 4165 772 4202 E
780 4165 799 4206 1.
810 4165 829 4205 2.
844 4165 897 4211 αἰιῖ)
911 4165 1033 4203 sanctionis
1048 4166 1099 4215 1313
1114 4165 1211 4204 setcanis
1269 4195 1275 4206 .

158 4221 178 4266 c)
191 4217 246 4257 data
259 4219 305 4258 ΕΙ.

264 4271 327 4312 VIII.
358 4271 380 4318 a)
394 4271 507 4318 inemptis
521 4274 541 4307 et
554 4271 643 4308 mirica
657 4270 699 4318 leot
712 4273 816 4318 amount
829 4270 876 4310 121.
916 4269 939 4316 b)
953 4267 1088 4309 diiludiccnt
1102 4270 1151 4311 Ra.
1192 4272 1275 4318 0)»,ρο-

151 4325 227 4365 ,stolus
242 4323 290 4364 Ra.
367 4322 390 4371 d)
405 4325 437 4361 ita
451 4325 531 4371 Ram
553 4324 609 4371 layo:
624 4333 708 4365 errore.
784 4324 806 4368 e)
820 4323 852 4360 ita
866 4322 919 4372 1223
941 4322 1067 4365 rofilliBl.
1143 4325 1208 4370 nita
1221 4323 1243 4361 Ε
1251 4325 1273 4373 1;

157 4378 224 4416 ritum
238 4379 289 4426 121;
305 4377 455 4424 (primsvsirit
469 4381 494 4416 nt
508 4377 556 4418 122.

152 4517 183 4585 1)
202 4519 255 4572 Tit.
275 4520 299 4584 1,
321 4519 363 4573 15.
