3198 5202
343 553 423 608 LEX
440 553 555 610 VISIG.
573 551 844 608 anconssvnln.
879 551 946 620 VII,
965 555 991 621 5,
1009 557 1041 619 83
1061 555 1085 608 6.
1223 558 1276 610 223

155 759 299 821 cumque
328 738 472 814 dederit,
502 758 568 821 que
593 740 711 802 tamen
733 736 974 820 repperiantur
997 737 1276 819 quandoquidem

155 830 216 892 aut
238 847 309 891 non
326 826 399 891 eius
422 827 506 890 iuris
530 826 647 902 tuisse,
672 825 732 909 qui
748 825 853 902 dedit,
879 828 940 888 aut
963 825 1008 901 id,
1034 827 1126 908 quod
1142 827 1275 892 dedisse

154 916 301 993 videtur,
337 935 399 999 per
428 916 577 998 priorem
609 915 814 998 scripturam
849 917 911 977 aut
941 934 1191 997 quamcumque
1223 916 1276 980 de-

153 1005 346 1068 finitionem
368 1005 406 1066 in
422 1004 666 1087 cuiuscumque
687 1004 782 1086 prius
797 1003 935 1067 nomine
959 1003 1129 1087 obligasse
1153 1006 1189 1068 et
1212 1006 1275 1069 sub

153 1094 303 1176 quodam
334 1096 537 1176 argumento
564 1093 603 1155 id
625 1093 845 1176 postmodum
876 1091 979 1156 alteri
1008 1093 1152 1168 dedisse,
1184 1095 1276 1174 quod

154 1185 215 1245 aut
239 1203 338 1245 snum
360 1203 432 1245 non
456 1184 539 1258 erat,
569 1184 630 1244 aut
658 1181 728 1244 iarn
755 1181 850 1263 prius
879 1180 981 1244 alteri
1012 1182 1163 1258 dederat,
1193 1183 1276 1245 dum

152 1271 286 1334 fraudis
316 1271 417 1334 huius
447 1273 668 1335 conmentum
695 1269 879 1332 manifeste
902 1271 1072 1353 patuerit:
1103 1271 1175 1354 ipse
1206 1272 1276 1354 qui-

154 1359 245 1437 dem,
283 1358 343 1441 qui
376 1358 476 1436 fecit,
512 1359 542 1422 si
575 1359 741 1442 suprestis
776 1360 842 1435 est,
879 1361 914 1421 et
948 1359 1208 1442 promissionem
1240 1364 1276 1424 et

153 1468 287 1532 penam,
313 1468 416 1531 qnam
436 1440 527 1511 habb
548 1468 588 1512 eo
606 1439 719 1532 oditab
740 1447 909 1531 scriptura
931 1449 1090 1525 testatur,
1116 1448 1275 1531 subplere

154 1537 327 1620 cogendus
351 1539 414 1600 est.
462 1535 601 1601 sivero
624 1539 702 1620 post
722 1537 794 1601 eius
810 1536 944 1599 obitum
960 1537 1090 1612 eadem,
1115 1557 1180 1620 que
1204 1557 1276 1621 pre·

154 1626 248 1689 dicta
276 1628 342 1701 est,
373 1625 469 1688 fraus
499 1625 647 1690 inveniri
675 1625 842 1708 potuerit,
873 1624 922 1702 id,
955 1626 1047 1707 quod
1075 1628 1175 1689 autor
1203 1647 1276 1709 spo-

153 1715 285 1797 pondit,
310 1715 409 1779 heres
433 1714 506 1778 eius
531 1717 592 1777 ant
615 1714 758 1779 heredes
783 1734 860 1776 cum
876 1733 966 1797 pena
985 1714 1090 1778 etiam
1106 1715 1275 1798 scripture

154 1802 373 1887 conpellendi
388 1806 470 1866 sunt
485 1803 619 1886 petenti
634 1802 843 1886 persolvere;
869 1805 930 1865 aut
954 1803 983 1865 si
1005 1802 1151 1867 fortasse
1167 1804 1275 1867 maior

154 1894 206 1956 est
241 1891 371 1955 autoris
406 1891 544 1975 sponsio
578 1891 633 1956 vel
668 1911 758 1975 pena
792 1911 854 1974 per
888 1891 1112 1975 scripturam⁰
1145 1895 1274 1968 taxata,

154 2001 257 2063 quam
286 2001 359 2044 esse
390 1983 526 2044 constat
555 1981 627 2044 eius
651 1980 835 2056 hereditas,
867 1980 897 2043 si
925 1980 1102 2044 noluerint
1132 1981 1275 2045 heredes

154 2068 353 2133 satisfacere
383 2089 445 2153 pro
477 2072 646 2146 autorem,
679 2070 721 2133 do
751 2068 788 2131 id
818 2067 948 2145 saltim,
980 2070 1072 2151 quod
1103 2089 1144 2133 ex
1173 2068 1275 2134 rebus

155 2158 227 2222 eius
250 2157 437 2242 possident,
467 2158 613 2241 cogendi
636 2162 718 2221 sunt
742 2157 914 2223 causidico
938 2158 1053 2222 facere
1077 2159 1274 2222 cessionem.

155 2245 255 2324 Quod
279 2247 308 2310 si
331 2247 474 2310 heredes
497 2267 567 2309 non
591 2247 670 2324 sint,
700 2241 770 2311 abd
796 2247 860 2323 his,
890 2247 1014 2329 quibus
1041 2267 1095 2311 res
1122 2248 1197 2330 ipsa
1219 2247 1276 2312 vel

153 2335 314 2412 facultas,
339 2355 405 2416 que
428 2335 551 2400 relicta
574 2338 635 2412 est,
667 2355 822 2418 possessa
844 2335 963 2412 fuerit,
993 2335 1153 2400 universa
1176 2336 1275 2400 reddi

154 2424 252 2487 iuxta
283 2427 479 2508 presentem
511 2424 718 2489 sententiam
749 2424 940 2507 oportebit;
977 2425 1140 2488 eandem⁰
1170 2425 1275 2488 etiam

154 2513 191 2575 in
207 2513 317 2576 causis
333 2511 462 2576 talibus
478 2513 612 2577 ratione
629 2515 773 2590 servata,
798 2505 873 2589 utf,
898 2513 927 2576 si
949 2516 1149 2597 reppertum
1167 2513 1274 2578 fuerit

155 2601 291 2665 conscio
327 2601 390 2666 illo
429 2602 573 2666 eandem
611 2601 771 2665 fraudem
812 2602 1057 2679 intercessisse,
1101 2603 1138 2665 in
1177 2603 1274 2666 cuius

153 2691 293 2754 nomine
323 2690 417 2774 prior
446 2691 618 2773 scriptura
646 2691 840 2774 conscripta
869 2690 1068 2766 dinoscitur,
1099 2693 1173 2753 tam
1202 2691 1272 2767 ille,

154 2779 214 2861 qui
237 2779 331 2855 lecit,
361 2799 464 2861 quam
487 2782 578 2855 stess,
608 2779 667 2862 qui
691 2772 872 2842 consciush
899 2779 1024 2855 extitit,
1055 2780 1099 2842 ad
1122 2779 1274 2842 satisfac·

153 2868 285 2931 tionem
312 2867 545 2951 promissionis
572 2867 628 2931 vel
657 2887 754 2952 pene,
784 2888 886 2950 quam
914 2868 1081 2950 posterior
1104 2869 1275 2950 scriptura

154 2956 319 3033 continet,
345 2957 535 3021 secundum
555 2956 765 3038 superiorem
781 2957 937 3021 ordinem
953 2956 1121 3038 equaliter
1136 2959 1274 3020 tenean-

152 3048 212 3107 tur
236 3045 347 3128 adque
372 3045 476 3109 etiam
499 3045 597 3108 iuxta
619 3049 775 3110 tenorem
798 3045 982 3128 superioris
1006 3045 1106 3128 legis:
1132 3044 1185 3109 De
1208 3045 1272 3121 his,

154 3133 213 3216 qui
237 3133 342 3197 falsas
367 3133 553 3217 scripturas
578 3134 790 3198 confecerint
799 3132 821 3212 ¹,
846 3137 881 3198 et
904 3133 939 3195 in
957 3134 1155 3217 corporibus
1179 3134 1274 3196 etin

153 3223 255 3286 rebus
279 3223 406 3286 damna
427 3222 558 3306 pariter
581 3223 780 3286 sortiantur.

206 3505 267 3568 VI.
284 3505 500 3569 TITULUS:
532 3504 594 3568 DE
619 3505 865 3570 nauseans
889 3504 1222 3570 METALLORUM.

250 3646 279 3709 I.
315 3647 369 3712 De
398 3648 599 3731 torquendis
630 3648 735 3712 servis
764 3649 802 3711 in
831 3648 1048 3711 dominorum
1072 3648 1184 3732 capite
1212 3669 1274 3732 pro

315 3737 561 3819 corruptionc³
593 3739 730 3800 monete
761 3740 795 3800 et
826 3757 944 3801 eorum
973 3738 1179 3814 mercedem,
1216 3737 1275 3820 qui

314 3825 380 3889 hoc
403 3825 468 3888 visi
492 3825 670 3888 extiterint
693 3825 871 3890 revelasse.

229 3913 278 3975 ΙΙ.
314 3913 367 3978 De
397 3914 461 3991 his,
494 3915 553 3997 qui
582 3913 709 3977 solidos
737 3917 773 3979 et
800 3907 963 3978 monetab
992 3913 1273 3978 adulteraverint.

207 4001 278 4064 III.
315 4001 368 4066 De
398 4003 462 4079 his,
494 4002 554 4086 qui
584 4007 764 4086 acceptum
794 4023 918 4066 aurum
946 4003 1088 4067 alterius
1112 4002 1271 4068 metalli“

314 4091 542 4174 permixtione
566 4092 790 4175 corruperint.

261 4280 284 4328 b)
298 4281 327 4320 ab
342 4291 369 4320 eo
383 4279 456 4320 editas
470 4281 519 4324 Ra.
561 4283 581 4330 c)
595 4281 707 4331 scriptura
722 4283 770 4326 ΕΞ.
816 4280 839 4330 (1)
853 4282 881 4322 ab
896 4283 931 4322 his
946 4283 989 4325 des.
1003 4283 1049 4325 131.
1090 4284 1111 4331 c)
1126 4279 1212 4321 Eadem
1227 4281 1276 4321 Μ.

155 4333 271 4382 octor.
324 4335 467 4382 mistelw.
521 4335 659 4384 meonetius
673 4337 720 4378 ΕΙ.

261 4387 367 4430 umvr.
401 4390 423 4438 a)
437 4389 523 4438 reliqua
536 4389 637 4428 rubricae
647 4389 774 4437 paredam
787 4389 836 4432 Bi.
881 4389 904 4438 b)
918 4392 1031 4429 monetam
1045 4389 1095 4431 Ra.
1136 4391 1156 4437 c)
1171 4399 1216 4428 uon
1229 4388 1277 4432 ΕΙ.

156 4529 182 4595 1)
203 4529 233 4584 V.
252 4545 338 4597 supra
355 4547 377 4586 c.
396 4533 421 4584 2.
