3264 5206
337 546 388 599 144
539 541 616 596 LEX
634 540 750 599 VISIG.
769 541 1036 598 REOOESSVIND.
1074 541 1111 607 V,
1128 544 1152 610 1,
1172 544 1251 597 2—4.

335 724 508 788 observari
531 725 657 788 nostris
680 724 784 789 inseri
807 724 1013 808 precipimus
1034 722 1179 806 legibus.
1214 722 1367 806 Ideoque
1384 743 1455 807 pre·

335 813 425 878 senti
448 813 626 877 sanctione
649 832 835 888 censemus,
860 816 910 888 ut,
933 833 1013 875 mox
1036 812 1216 896 episcopus
1238 812 1347 876 fuerit
1367 811 1453 874 ordi·

334 905 447 978 uatus,
479 902 598 965 statim
625 921 740 966 rerum
770 901 1001 965 inventarium
1025 901 1067 964 de
1090 899 1192 964 rebus
1216 899 1359 964 ecclesie
1382 919 1454 983 pre·

334 989 490 1054 sentibus
528 987 680 1072 quinque
718 990 877 1072 ingenuis
910 989 993 1053 viris
1029 989 1145 1053 facere
1183 1009 1253 1052 non
1289 991 1455 1052 moretur.

335 1077 435 1157 Quod
469 1079 702 1142 inventarium
735 1078 878 1160 ingenui
907 1078 986 1154 viri,
1021 1097 1136 1141 coram
1165 1076 1289 1160 quibus
1318 1076 1455 1140 factum

334 1166 451 1242 fuerit,
481 1160 598 1230 suamb
626 1167 854 1251 suscriptione
882 1165 1120 1230 conroborent.
1167 1166 1251 1230 Post
1277 1165 1448 1249 episcopi⁰

334 1275 415 1320 vero
438 1255 545 1339 ipsius
568 1255 711 1332 obitum,
742 1250 845 1318 durn‘l
872 1254 961 1318 alter
987 1253 1095 1318 fuerit
1119 1254 1298 1338 episcopus
1321 1253 1456 1316 ordina-

333 1348 401 1419 tus,
432 1344 622 1408 secundum
648 1363 762 1408 rerum
791 1343 1023 1409 inventarium
1045 1362 1099 1406 res
1122 1343 1276 1425 requirat
1299 1341 1455 1417 ecclesie,

335 1435 370 1495 et
393 1432 422 1494 si
445 1431 577 1514 aliquid
605 1432 842 1496 deminutum⁰
871 1432 914 1496 de
943 1431 1046 1496 rebus
1077 1430 1220 1495 ecclesie
1245 1429 1452 1554 pervenerit,

334 1520 462 1604 proprii
494 1520 636 1584 heredes
667 1519 827 1604 episcopi,
851 1520 907 1586 vel
934 1518 1059 1602 quibus
1085 1518 1236 1583 facultas
1285 1519 1359 1583 eius
1383 1538 1457 1602 per·

333 1609 446 1673 tinere
475 1608 531 1672 vel
565 1608 687 1673 relicta
722 1629 795 1673 esse
824 1601 994 1684 udatus,
1031 1608 1074 1672 de
1108 1609 1324 1691 precedentis
1360 1606 1455 1671 satis-

333 1697 466 1761 faciant
494 1695 673 1761 facultate.
721 1695 873 1775 Quodsi
898 1701 933 1762 et
956 1696 1088 1779 aliquid
1119 1697 1161 1760 de
1184 1695 1287 1760 rebus
1311 1695 1457 1760 ecclesie

334 1786 481 1850 vendere
505 1785 736 1869 presumserit,
761 1787 947 1851 succedens
970 1786 1148 1869 episcopus
1170 1785 1308 1848 reddito
1330 1783 1454 1867 pretio,

334 1875 426 1956 quod
456 1873 678 1937 avenditore
709 1877 888 1958 acceptum
917 1878 983 1949 est,
1015 1893 1094 1937 cum
1121 1874 1215 1936 omni
1243 1875 1453 1956 augmentog

333 1966 415 2025 resg
441 1961 485 2025 ad
508 1961 562 2024 ius
585 1962 729 2026 reducat
749 1962 892 2027 ecclesie
916 1965 951 2026 et
974 1961 1106 2026 nullam
1129 1953 1360 2026 calumniamh
1384 1981 1455 2044 per·

334 2049 504 2114 timescat.
551 2048 663 2127 Quam
693 2050 805 2133 legem
835 2046 896 2115 etd
928 2051 970 2115 de
998 2049 1205 2134 presbyteris
1228 2049 1285 2114 vel
1308 2049 1457 2113 diaconi·

335 2137 409 2211 bus,
434 2130 540 2201 sicut¹
564 2138 720 2222 superius
744 2140 996 2223 scriptumest,
1022 2139 1059 2201 in
1082 2131 1259 2202 omnibusi
1283 2137 1457 2202 observari

335 2229 370 2290 et
393 2225 507 2290 valere
530 2226 747 2310 precipimus.

742 2379 797 2436 111.
825 2378 1037 2448 ANTIQUAa

335 2490 395 2556 De
425 2491 758 2558 vindicionibus
789 2497 831 2556 et
862 2492 1178 2556 donationibus
1209 2490 1462 2556 eclesiasti-

731 2600 875 2644 carum
903 2601 1055 2644 rerum.

179 2678 325 2772 ‘'sss‘ffl·
442 2686 478 2750 si
506 2687 582 2770 quis
611 2687 790 2770 episcopus
819 2691 881 2751 aut
904 2687 1083 2771 presbyter
1105 2686 1161 2750 vel
1185 2686 1393 2768 quicumque
1417 2705 1459 2749 ex

335 2773 467 2840 clericis
495 2778 610 2858 preter
639 2795 842 2839 consensum
869 2779 1062 2840 ceterorum
1090 2775 1294 2839 clericorum
1324 2774 1459 2856 aliquid

336 2864 378 2926 de
407 2863 510 2928 rebus
541 2862 665 2928 eclesie
692 2863 887 2928 vendiderit
915 2863 971 2927 vel
1002 2862 1190 2939 donaverit,
1223 2864 1289 2927 hoc
1319 2863 1460 2925 firmum

335 2972 404 3014 non
435 2971 508 3016 esse
538 2951 756 3035 precipimus,
787 2952 855 3016 nisi
883 2952 935 3014 ita
961 2952 1069 3016 fuerit
1096 2952 1192 3015 facta
1214 2951 1363 3015 vinditio
1387 2951 1463 3013 sive

336 3039 490 3117 donatio,
531 3039 820 3123 quemadmodum
856 3043 1054 3104 sanctorum
1089 3060 1260 3104 canonum
1295 3039 1462 3121 instituta

336 3128 554 3192 constituunt
577 3128 691 3210 adque
712 3127 912 3192 decernunt.

739 3297 808 3354 ΗΠ.
840 3297 1051 3366 marauna.

358 3408 418 3472 De
447 3409 576 3472 rebus
607 3408 770 3472 eclesie
798 3409 848 3473 ab
877 3410 944 3472 his
972 3410 1199 3493 possessis,
1232 3410 1305 3492 qui
1335 3413 1439 3472 sunt

549 3495 711 3560 eclesie
739 3498 962 3580 obsequiis
990 3498 1241 3581 mancipati.

275 3678 280 3689 Ι
442 3600 598 3665 Heredes
622 3601 772 3686 episcopi
795 3623 856 3667 seu
879 3603 1025 3666 aliorum
1048 3603 1260 3682 clericorum,
1287 3605 1347 3686 qui
1370 3603 1462 3668 filios
1511 3591 1515 3600 ’

337 3709 415 3752 suos
442 3691 480 3751 in
507 3689 709 3771 obsequium
736 3690 858 3755 eclesie
882 3693 1187 3758 conmendaverint
1210 3696 1246 3756 et
1269 3695 1381 3756 terras
1404 3690 1460 3756 vel

337 3776 468 3858 aliquid
499 3796 540 3840 ex
570 3777 807 3841 munificentia
839 3778 961 3844 eclesie
991 3781 1219 3864 possederint,
1255 3780 1285 3844 si
1320 3780 1388 3864 ipsi
1422 3780 1461 3842 in

337 3864 434 3928 laicis
456 3865 583 3930 reversi
606 3864 739 3928 fuerint
762 3870 823 3929 aut
846 3867 888 3930 de
905 3868 1044 3931 servitio
1060 3868 1193 3944 eclesie,
1215 3869 1314 3932 cuius
1330 3873 1461 3934 terram

336 3951 392 4015 vel
416 3952 567 4034 aliquam
583 3951 813 4016 substantiam
828 3953 1059 4037 possidebant,
1085 3955 1315 4034 discesserint,
1340 3957 1464 4020 statim

337 4041 429 4121 quod
452 4040 674 4124 possidebant
697 4041 869 4104 amittant.
917 4041 985 4106 Sed
1008 4047 1043 4107 et
1066 4045 1109 4108 de
1132 4044 1293 4109 omnibus
1313 4045 1459 4121 clericis,

337 4128 395 4208 qui
426 4129 469 4192 de
499 4129 601 4192 rebus
633 4127 755 4192 eclesie
789 4148 1002 4212 quecumque
1037 4133 1265 4215 possederint,
1302 4136 1462 4198 servetur

444 4299 467 4347 b)
480 4310 522 4338 sua
535 4300 583 4342 122.
648 4301 668 4345 c)
682 4298 722 4348 eps
736 4299 782 4340 121.
845 4297 868 4347 d)
882 4301 938 4338 deest
951 4302 998 4344 121.
1061 4299 1231 4349 adimantum
1246 4304 1297 4347 132.
1360 4304 1463 4356 oracul-

339 4354 396 4390 tatcs
410 4351 555 4392 -videntur
568 4353 615 4395 ΕΙ.
670 4353 692 4400 g)
705 4355 811 4391 aumento
825 4362 872 4391 rom
887 4353 932 4394 ΕΙ,
987 4354 1011 4403 h)
1025 4355 1136 4394 calumnia
1150 4357 1196 4398 121.
1252 4357 1269 4406 i)
1282 4357 1465 4398 slent—omni-

338 4404 378 4443 bus
393 4405 498 4498 dw'llild’
527 4459 549 4504 a)
563 4457 619 4496 deest
633 4456 682 4497 122.

444 4511 498 4552 1111.
538 4511 561 4558 a)
574 4511 631 4548 deest
645 4509 694 4549 122.
