3218 5202
346 545 425 600 LEX
444 544 559 602 VISIG.
577 545 848 602 Raccnssvmn.
886 545 924 615 Π,
943 550 969 616 5,
983 549 1060 603 7-9.
1230 550 1263 604 81

147 727 384 811 adprobamus,
414 731 455 791 ut
482 728 584 792 unius
612 748 716 792 causa
741 728 850 792 debiti
872 748 987 792 rerum
1009 721 1088 793 fiat¹
1111 731 1265 793 omnium

146 816 293 899 perditio
322 814 378 880 vel
407 836 561 900 persone.
613 814 861 898 Quodcumque
891 817 999 900 igitur
1028 822 1149 882 contra
1177 818 1264 902 legis

145 905 246 968 huius
286 905 462 968 decretum
500 906 732 989 conscriptum
769 905 938 988 placitum
972 907 1042 970 sive
1077 900 1262 970 delinitiok

22 1055 23 1086 ᾖ
144 993 239 1057 facta
267 993 388 1070 fuerit,
424 993 631 1076 ubicumque
661 997 822 1078 repperta
850 995 972 1072 fuerit,
1004 1015 1113 1059 vacua
1142 995 1263 1058 omnie-

22 1105 23 1114 ¹
144 1083 253 1146 modis
277 1086 314 1146 et
335 1081 489 1146 invalida
511 1085 701 1165 reputetur.

553 1233 635 1291 vm.
666 1233 849 1305 numque.

146 1345 266 1425 Quod
294 1347 430 1411 omnis
459 1348 683 1432 scriptura
708 1347 777 1413 vel
805 1347 1034 1425 definitio,
1064 1353 1164 1430 que⁸
1191 1368 1264 1432 per

22 1435 24 1472 r
144 1436 226 1498 vim
274 1439 316 1500 et
360 1439 519 1500 metum
564 1440 738 1500 extorta
784 1435 941 1514 fuerit,
987 1437 1135 1502 valere
1180 1457 1264 1500 non

614 1526 792 1609 poterit.

251 1623 460 1707 Pacuui-1,
485 1624 602 1714 quodb
623 1632 769 1715 pervim
785 1632 966 1696 extorserit
984 1651 1130 1716 persona
1148 1634 1264 1716 poten·

143 1719 211 1783 tior
233 1719 291 1782 rel
313 1718 466 1797 interior,
498 1719 568 1784 sive
596 1720 726 1802 placita
747 1719 804 1784 vel
825 1720 976 1803 reliquas
999 1721 1195 1804 scripturas,
1227 1719 1264 1782 id

22 1813 24 1886 ζ
144 1811 205 1883 est,
238 1808 268 1872 si
290 1807 361 1884 ille,
393 1808 452 1890 qui
476 1809 669 1892 paciscitur,
695 1811 755 1872 aut
778 1809 815 1871 in
839 1809 996 1873 custodia
1018 1809 1177 1885 mittitur,
1203 1811 1263 1871 aut

22 1897 23 1902 ’
143 1895 206 1959 sub
231 1895 350 1979 gladio
373 1899 539 1960 mortem⁰
566 1896 658 1961 forte
680 1897 846 1973 timuerit,
871 1901 932 1961 aut
954 1893 1020 1962 ncd
1039 1916 1145 1982 penas
1168 1917 1263 1979 quas-

144 2005 291 2068 cumque
320 1983 400 2048 vele
432 1985 621 2068 ignominia
650 1985 813 2070 patiatur,
844 1985 900 2050 vel
931 1990 1023 2050 'certe
1054 1987 1083 2051 si
1112 1985 1264 2068 aliquam

142 2073 307 2137 iniuriam
331 2093 451 2157 passus
474 2074 591 2149 fuerit,
622 2074 819 2138 huiusmodi
849 2068 986 2158 pactiof
1012 2074 1067 2138 vel
1094 2075 1265 2158 scriptura

143 2161 299 2244 quelibet
322 2161 456 2225 nullum
479 2161 608 2226 habeat
631 2163 841 2226 firmitatem.

219 2313 320 2372 VHH.
351 2313 519 2370 FLAVIUS
538 2313 752 2370 GLORIOSUS
770 2313 1082 2370 REGGESSVINDUS
1100 2313 1188 2371 REX.

188 2426 279 2506 Que
309 2427 532 2512 scripture
555 2426 704 2492 valere
735 2430 985 2511 poterunt&
1017 2428 1053 2490 si
1080 2426 1221 2491 abhis

22 2543 23 2590 3
142 2515 266 2580 facte
296 2515 486 2593 fuerint,
522 2509 620 2598 quib
655 2520 756 2579 sunt
790 2516 835 2579 in
866 2517 993 2580 annis
1022 2515 1265 2580 minoribus

578 2605 830 2668 constituti.

253 2710 298 2774 In
327 2710 517 2774 minoribus
547 2711 646 2774 annis
677 2711 874 2774 constitutis
904 2711 1058 2775 testandi
1091 2711 1133 2774 de
1162 2710 1264 2774 rebus

143 2799 214 2862 suis
238 2798 296 2862 vel
319 2798 404 2863 alias
429 2813 659 2882 quascumque
688 2799 906 2863 definitiones
935 2798 1087 2864 faciendi
1117 2818 1177 2862 seu
1204 2818 1266 2882 per

143 2887 352 2971 scripturam
381 2888 462 2952 sive
482 2907 543 2971 per
571 2888 735 2971 idoneum
763 2891 899 2964 testem,
931 2888 967 2950 in
995 2887 1265 2970 quibuscumque

142 2976 299 3060 personis
330 2975 508 3059 elegerint,
540 2976 632 3040 infra
659 2979 822 3059 quartum
845 2976 1016 3040 decimum
1038 2996 1168 3039 annum
1195 2995 1265 3039 non

22 3067 25 3096 ³
142 3064 214 3128 illis
239 3063 342 3128 aliter
363 3063 506 3128 licentia
529 3065 604 3141 erit,
629 3065 695 3128 nisi
719 3065 831 3148 gravis
847 3065 969 3147 langor
985 3064 1180 3140 occurrerit,
1205 3084 1265 3148 per

143 3153 238 3236 quod
263 3172 320 3217 eos
342 3152 489 3217 fortasse
513 3154 599 3217 mori
622 3154 770 3237 suspicio
794 3155 849 3218 sit.
897 3152 997 3232 Quod
1021 3153 1049 3217 si
1072 3172 1128 3217 eos
1152 3171 1264 3216 neces·

22 3259 23 3266 ¹
143 3242 229 3306 sitas
253 3241 357 3305 huius
378 3261 480 3306 cause
497 3243 732 3326 conpresserit,
757 3243 931 3325 utrisque⁰
953 3237 993 3306 ad
1013 3241 1146 3306 decimo
1162 3241 1264 3306 etatis

143 3331 319 3414 ipsorum⁰
347 3351 438 3394 anno
469 3331 621 3395 faciendi
648 3331 740 3413 quod
763 3330 937 3394 voluerint
966 3330 1108 3394 libertas
1137 3323 1261 3413 plenaf

143 3419 334 3482 manebitl.
378 3417 479 3495 Quod
502 3420 531 3483 si
554 3417 597 3483 ab
616 3419 811 3502 egritudine
827 3419 1063 3483 convalescere
1078 3419 1265 3501 potuerint,

22 3537 23 3560 κ
143 3507 316 3590 quidquid
332 3526 389 3571 eos
404 3508 605 3572 hordinasse
622 3508 825 3585 constiterit,
849 3511 965 3571 totum
983 3506 1174 3570 invalidum
1189 3507 1264 3583 erit,

22 3621 24 3686 ζ
144 3597 257 3660 donec
292 3599 354 3658 aut
382 3617 499 3660 rursus
530 3599 727 3679 egrotantes
762 3597 889 3660 iterum
923 3615 989 3678 que
1024 3595 1267 3659 ordinaverant

22 3689 23 3772 J
143 3704 237 3749 nova
260 3684 477 3748 ordinatione
499 3684 698 3762 reforment,
724 3688 785 3748 aut
800 3685 979 3750 venientes
1001 3702 1109 3765 usque
1133 3683 1177 3746 ad
1199 3682 1266 3766 ple-

143 3765 252 3836 numf
279 3776 442 3854 quartum
474 3773 645 3837 decimum
675 3794 805 3837 annum
834 3774 872 3836 in
901 3772 1060 3837 omnibus
1089 3770 1267 3835 iudicandi

144 3862 188 3925 de
212 3859 317 3924 rebus
340 3861 410 3924 suis
433 3860 578 3925 liberam
606 3862 759 3927 habeant
787 3859 1049 3943 absolutamque
1078 3859 1265 3924 licentiam.

144 3949 201 4014 Ab
227 3948 378 4013 infantia
400 3968 481 4012 vero
504 3949 560 4013 vel
583 3951 619 4013 in
642 3949 798 4032 qualibet
820 3953 913 4014 etate
943 3950 1120 4013 dementes
1151 3947 1266 4011 effecti

144 4040 181 4102 et
213 4038 252 4101 in
281 4057 321 4102 eo
347 4031 455 4101 uitior
482 4031 630 4120 absqueb
664 4038 916 4102 intermissione
945 4037 1109 4121 temporis
1139 4055 1266 4119 perma-

257 4191 273 4238 i)
287 4191 357 4231 faciat
370 4192 417 4233 121.
472 4191 495 4240 k)
509 4191 664 4231 definitionem
678 4192 724 4234 ΕΙ,

146 4245 319 4345 d)nech1HL
344 4242 471 4346 esiululotcl
485 4247 551 4346 ΜΟ
565 4244 709 4346 Ριαῐέὲὲιιὲ
716 4256 762 4336 fro
780 4246 874 4285 Pactum
893 4242 953 4293 quod
971 4245 1017 4286 121.
1099 4245 1119 4293 c)
1135 4247 1206 4282 morte
1220 4243 1266 4284 121.

257 4350 331 4391 VIIII.
372 4353 395 4398 u)
408 4351 441 4390 ita
454 4351 503 4401 n1;
519 4355 642 4400 potuerunt
655 4351 706 4402 R1;
722 4351 822 4399 poterint
835 4362 891 4393 corr.
905 4354 1013 4399 poterunt
1026 4350 1075 4393 aa.
1128 4349 1266 4396 b)queR1.

146 4405 169 4450 c)
183 4403 303 4452 utriusque
317 4403 367 4446 Ra.
421 4402 445 4452 d)
459 4402 488 4444 ad
502 4401 612 4444 decimum
626 4405 673 4446 ΕΙ.
727 4406 748 4451 e)
762 4405 861 4452 ipsarum
876 4405 922 4446 121.
976 4403 1065 4451 θῶκοι
1079 4403 1125 4444 ΕΙ.

22 4497 25 4576 ξ
147 4511 174 4576 1)
194 4509 238 4574 cf.
258 4509 319 4564 coa.
338 4510 408 4563 nur.
426 4525 448 4563 ο.
460 4511 521 4564 rec.
594 4509 622 4576 2)
640 4509 682 4574 cf.
700 4511 779 4574 aaa
796 4511 847 4575 ru,
866 4511 892 4576 a,
912 4511 938 4563 4.

22 4599 24 4622 '
231 4615 275 4658 uu
284 4615 355 4664 vulg.
369 4618 415 4658 anu
812 4621 815 4627 ·
1038 4615 1054 4668 6
