3218 5202
339 541 417 598 LEX
435 543 551 600 VISIG.
569 543 838 602 REOGESSVIND.
874 544 914 612 Π,
934 550 959 614 4,
978 549 1075 602 8-10.
1237 550 1271 602 77

153 747 298 810 cumque
321 727 424 792 rebus
448 733 508 792 ac¹¹
536 727 579 792 de
601 728 702 792 terris
726 732 787 792 aut
810 729 919 793 vineis
941 729 997 793 vel
1021 730 1173 811 edificiis,
1204 748 1271 811 que

152 836 222 880 non
251 816 398 899 grandia
427 835 500 880 esse
530 816 759 893 constiterint,
791 821 931 901 propter
954 818 1045 900 quod
1069 820 1157 885 solet
1180 817 1271 881 inter

153 905 296 969 heredes
320 909 381 969 aut
405 905 534 969 vicinos
559 924 768 989 possessores
791 906 940 971 intentio
964 908 1097 970 exoriri.
1145 908 1271 974 Sedet

153 995 195 1058 de
218 993 398 1078 mancipiis
423 993 632 1058 credendum
655 993 789 1068 est-eis,
821 1015 926 1077 quare
956 997 1129 1080 contingit
1152 1017 1193 1062 ea
1216 994 1270 1059 vel

27 1115 31 1138 ι
153 1081 195 1146 ab
232 1082 308 1146 aliis
343 1083 503 1166 occupari
534 1082 590 1146 vel
623 1082 799 1146 indebite⁰
837 1083 977 1148 retineri
1012 1089 1073 1148 aut
1110 1087 1216 1150 etiam
1251 1104 1272 1146 a

153 1172 369 1234 dominorum
398 1171 472 1235 iure
500 1170 634 1236 inlicite
657 1177 835 1254 evagaret,
867 1176 907 1236 ut
930 1193 991 1256 per
1014 1193 1133 1238 eorum
1155 1193 1271 1238 veram

153 1260 386 1343 cognitionem
403 1259 544 1324 valeant
566 1279 620 1324 res
643 1260 716 1343 ipse
740 1261 888 1324 dominis
910 1261 1019 1338 reddi,
1044 1266 1100 1326 etq
1119 1263 1271 1347 ipsorum

152 1348 352 1412 indubitata
380 1348 507 1412 notitia
536 1349 625 1412 iuste
655 1349 763 1432 possit
792 1349 996 1413 intentionis
1025 1370 1128 1414 causa
1155 1349 1270 1435 sopiri.

152 1436 252 1501 11011ῐ
280 1440 398 1500 tamen
428 1436 530 1500 aliter
559 1436 629 1499 illis
653 1437 746 1501 credi
770 1438 931 1521 poter-iar,
962 1439 1029 1502 nisi
1052 1443 1087 1503 et
1110 1440 1153 1504 ab
1177 1437 1270 1504 omni

154 1526 295 1590 crimine
326 1525 431 1590 alieni
461 1525 639 1590 extiterint
665 1528 700 1590 et
723 1526 820 1608 gravi
850 1527 1002 1610 depressi
1031 1532 1271 1612 paupertatem

153 1618 241 1678 non⁸
270 1614 410 1689 fuerint,
435 1614 486 1677 ita
508 1616 549 1676 ut
571 1617 693 1678 contra
714 1615 943 1697 ingenuorum
967 1616 1193 1700 dignitatem⁸
1220 1636 1271 1681 eo·

153 1724 228 1765 rum
244 1702 482 1766 testimonium
505 1703 614 1786 accipi
638 1702 838 1766 nullatenus
862 1705 979 1788 possit,
1004 1705 1080 1782 nisi,
1104 1709 1272 1789 utsupra

155 1792 370 1868 dictumest,
396 1792 514 1855 cedem
537 1791 660 1856 exoriri
684 1792 878 1874 contigerit.

339 2014 438 2072 VIIII.
468 2013 637 2072 FLAVIUS
656 2014 970 2071 GHINDASVINDUS
988 2015 1075 2072 REX.

156 2145 210 2209 De
230 2146 309 2222 his,
331 2146 403 2228 qui
424 2165 463 2209 se
485 2145 751 2230 placitorum
772 2147 1037 2230 seripturisa
1056 2147 1268 2230 obligant,

196 2227 272 2298 neb
305 2254 379 2318 pro
410 2234 596 2298 aliorum
626 2235 770 2299 causis
799 2235 1035 2299 veritatem
1066 2236 1225 2300 dicant.

259 2358 445 2440 Plerosque
476 2359 696 2441 cognovimus
718 2359 769 2422 ita
792 2379 864 2423 sese
887 2360 1062 2424 interdum
1086 2379 1148 2443 per
1169 2359 1271 2443 placi-

153 2450 227 2509 tum
244 2446 407 2529 obligare,
432 2450 472 2510 ut
496 2467 557 2531 pro
576 2452 673 2511 suase
695 2443 922 2530 suorumqued
942 2448 1157 2512 hutilitatese
1177 2449 1271 2512 testi-

154 2536 247 2599 ficari
277 2555 348 2599 non
378 2535 557 2613 differant3
589 2536 618 2599 si
646 2536 722 2619 quis
746 2539 863 2600 autem
887 2540 1007 2601 contra
1030 2557 1087 2600 eos
1110 2536 1271 2601 habuerit

152 2624 389 2688 testimonium
405 2624 528 2701 dicere,
553 2624 752 2688 nullatenus
768 2618 1027 2708 adquiescantf.
1067 2624 1168 2702 Quod
1190 2626 1271 2707 quia

153 2713 234 2776 satis
259 2715 312 2776 est
336 2713 545 2776 contrarium
568 2713 716 2789 veritati,
748 2714 837 2776 hauc
861 2733 978 2777 omues
1001 2714 1132 2777 iudices
1156 2733 1191 2778 se
1214 2735 1270 2777 no·

152 2802 264 2866 verint
288 2800 415 2865 habere
438 2801 624 2879 licentiam,
653 2804 694 2864 ut
716 2801 802 2865 talia
826 2804 1009 2866 conmenta
1031 2802 1201 2865 instanter
1223 2802 1271 2864 in·

151 2890 291 2972 quirent
314 2893 349 2953 et
372 2889 514 2953 inventa
529 2890 754 2974 disrumpant,
780 2891 891 2973 adque
907 2910 991 2972 quos
1008 2890 1127 2954 eadem
1143 2890 1272 2974 placita

153 2979 416 3055 nominaverint,
441 2979 595 3043 centenis
611 2978 757 3062 flagellis
772 2979 1001 3043 verberandos
1019 2978 1197 3054 insistant;
1221 2979 1272 3041 ita

152 3069 280 3143 tamen,
312 3069 353 3130 ut
382 3067 449 3130 ista
480 3066 662 3151 disciplina
691 3087 760 3131 non
790 3068 933 3131 infamia
956 3070 1074 3131 notam
1098 3067 1146 3131 eis
1170 3067 1271 3150 perti-

153 3159 244 3232 neat,
270 3155 330 3219 sed
352 3155 572 3232 testificandi,
597 3156 688 3238 quod
704 3157 881 3239 cognitum
905 3155 1045 3232 habent,
1070 3155 1115 3218 sit
1137 3154 1208 3218 illis
1232 3175 1272 3218 ex

153 3243 229 3327 lege
254 3263 415 3308 concessa
438 3264 572 3328 semper
594 3247 630 3309 et
652 3244 851 3308 indubitata
874 3243 1027 3309 libertas.

259 3466 296 3522 X.
330 3448 732 3523 FLAVIUS'GLORIOSUS
750 3466 1059 3523 Rsocassvmnus
1078 3466 1166 3523 REX.

197 3580 258 3644 De
298 3580 455 3662 quibus
494 3581 619 3644 annis
661 3583 900 3665 poterunta
941 3572 1224 3645 testificareb

614 3689 811 3734 mmores

261 3773 336 3838 Hec
367 3778 441 3839 etas
471 3777 537 3840 erit
567 3775 764 3840 constitutis
791 3777 828 3838 in
855 3775 1045 3840 minoribus
1075 3775 1173 3838 annis
1203 3774 1267 3837 ad⁰

156 3863 390 3927 testimonium
410 3859 659 3940 admiscendad,
683 3867 733 3939 ut,
758 3867 939 3948 postquam
963 3884 1048 3948 puer
1071 3866 1133 3926 aut
1156 3862 1273 3946 puella

157 3962 244 4017 XIIII
267 3952 338 4016 vite
362 3972 422 4016 sue
446 3972 553 4016 annos
575 3952 793 4036 impleverint,
818 3952 863 4015 sit
886 3952 956 4016 illis
979 3952 1016 4014 in
1033 3952 1145 4016 causis
1168 3950 1271 4015 omni·

158 4039 218 4104 bus
240 4041 451 4104 testificandi
473 4040 691 4104 indubitatae
719 4041 870 4105 licentia.

261 4266 399 4313 maurel.
446 4267 468 4313 o)
482 4264 558 4306 debite
572 4265 619 4309 121.
668 4268 691 4315 p)
706 4266 862 4306 evacareltl.
913 4268 936 4315 q)
950 4266 974 4304 in
989 4266 1039 4308 odd.
1054 4266 1100 4308 121.
1154 4266 1173 4313 r)
1188 4265 1272 4304 Tamen

159 4318 221 4357 aliter
235 4318 279 4358 illis
295 4316 357 4358 credi
372 4329 418 4358 non
431 4319 503 4368 possit
516 4321 562 4362 131.
616 4319 636 4371 s)
650 4330 695 4359 non
709 4341 735 4349 -
750 4318 883 4369 dtgnitstem
897 4321 941 4361 das.
955 4321 982 4361 R.

261 4371 336 4413 VIIII.
370 4374 392 4419 a)
406 4372 496 4421 sorlptls
511 4373 560 4415 Ita.
607 4374 630 4421 b)
644 4383 686 4412 nec
700 4374 746 4415 Rl.
794 4375 815 4420 c)
828 4383 870 4412 sua
884 4383 952 4413 causa
966 4373 1015 4415 122.
1065 4369 1088 4419 (1)
1103 4381 1147 4419 que
1161 4371 1272 4413 deestRl.

160 4422 180 4474 c)
192 4423 289 4464 utIlitate
305 4424 421 4465 testificari
435 4437 481 4465 uon
495 4423 587 4466 differat
600 4427 620 4464 12
629 4427 649 4468 2.
702 4427 721 4472 f)
734 4425 867 4474 adquiescat
882 4426 931 4467 132.

261 4479 287 4520 X.
327 4481 350 4526 a)
363 4483 444 4527 potent
457 4480 503 4522 111,
564 4480 587 4527 b)
601 4477 718 4519 testldcari
732 4480 781 4521 112.
842 4481 862 4527 c)
877 4477 905 4518 de
920 4479 968 4521 Ra.
1033 4475 1056 4525 d)
1070 4475 1233 4517 admittendam
1248 4479 1274 4516 ut

79 4523 82 4528 '
160 4539 262 4579 posquam
276 4532 322 4573 121.
378 4534 399 4580 e)
415 4530 528 4572 indulta
543 4533 588 4574 121.
