3218 5202
364 533 442 588 LEX
460 534 575 592 VISIG.
594 534 863 594 Rnconssvlnn.
900 536 955 607 111,
974 542 1000 607 5,
1018 543 1043 594 3.
1062 543 1088 598 4.
1237 547 1289 602 115

170 717 334 801 suprestis
363 736 449 796 uror
479 720 540 795 est,
571 718 623 782 ita
652 719 835 803 possideat,
867 724 907 784 ut
930 724 1009 805 post
1031 741 1132 786 suurn
1155 724 1289 789 obitum

170 805 407 869 communibus
437 805 517 870 filiis
547 806 792 890 possidendum
819 809 1002 892 relinquat.
1051 809 1151 876 Certe
1175 813 1204 876 si
1227 817 1288 876 aut

168 894 243 977 ipsa
258 893 486 971 discesseriti,
512 898 573 958 aut
589 915 786 962 communes
802 896 866 960 filii
882 898 1016 975 desunt,
1041 901 1288 983 proprietatem

168 982 430 1066 prevaricatoris
458 983 524 1046 viri
555 984 741 1068 propinqui
770 985 843 1050 eius
873 986 1016 1051 heredes
1045 988 1288 1054 incunctanter

167 1070 359 1134 obtineant.
393 1070 484 1134 Nam
507 1072 600 1154 quod
623 1073 688 1137 abr
707 1093 812 1138 uxore
836 1074 993 1157 quolibet
1014 1078 1170 1160 tempore
1186 1079 1288 1142 dona·

166 1161 243 1222 tum
276 1159 423 1224 fortasse
458 1164 674 1244 perceperat,
713 1163 915 1245 propinquis
953 1164 1067 1228 uxoris
1102 1165 1287 1231 heredibus

167 1246 296 1330 absque
320 1247 538 1313 dubitatione
553 1249 721 1332 proficiat,
746 1250 858 1333 adque
882 1251 946 1316 hec
970 1253 1075 1316 etiam
1092 1253 1134 1318 de
1149 1254 1287 1318 feminis

166 1335 306 1399 omnino
337 1336 530 1400 servabitur
559 1337 681 1415 forma,
711 1341 752 1400 ut
782 1340 940 1422 penitens
968 1341 1064 1423 virgo
1089 1341 1145 1406 vel
1171 1343 1285 1420 vidua,

166 1424 204 1500 si,
224 1427 320 1488 veste
343 1423 460 1488 laicali
482 1424 649 1550 deposita,
673 1426 841 1492 secularia
864 1428 977 1493 denuo
994 1431 1173 1494 sumserit⁸
1190 1432 1287 1494 indu-

166 1515 285 1576 menta
314 1516 376 1575 aut
406 1513 524 1577 inierit
571 1514 718 1580 fortasse
749 1516 919 1599 coniugia,
950 1516 1070 1580 similis
1101 1538 1158 1582 eas
1188 1520 1287 1582 etin

166 1600 374 1665 amissione¹¹
411 1621 528 1666 rerum
560 1602 660 1666 iuxta
693 1604 903 1688 superiorem
938 1605 980 1668 de
1014 1605 1095 1670 viris
1129 1609 1287 1671 taxatum

166 1689 322 1753 ordinem
357 1710 501 1754 censura
533 1691 734 1774 redarguat,
771 1695 806 1756 et
841 1693 1065 1758 districtionis
1095 1715 1184 1779 pena
1214 1716 1286 1780 per-

166 1777 315 1854 cellat*;
346 1778 398 1842 ita
419 1778 591 1856 videlicet,
622 1782 664 1842 ut
693 1781 940 1864 proprietatem
970 1782 1099 1846 femine
1127 1784 1200 1847 eius
1223 1784 1287 1847 filii

166 1867 228 1928 aut
255 1865 400 1930 heredes
427 1866 588 1944 habeant,
621 1867 841 1933 donationem
872 1873 989 1934 autem
1012 1891 1033 1954 a
1054 1871 1128 1935 viro
1151 1892 1286 1957 percep·

165 1956 263 2016 tamW
288 1954 473 2038 propinqui
496 1955 622 2032 mariti,
654 1976 765 2039 aquo
790 1957 984 2042 conscripta
1011 1959 1153 2023 donatio
1180 1962 1287 2026 nosci·

164 2043 233 2118 tur,
270 2042 389 2106 deberi
422 2043 488 2107 sibi
522 2046 741 2127 cognoscant.
796 2043 842 2108 lit
876 2046 1038 2128 quoniam
1073 2049 1287 2131 apostizandi

165 2130 386 2215 precipitatio
416 2131 540 2195 fraude
570 2132 685 2215 potius
709 2132 892 2197 mulierum
915 2135 1091 2218 sepissime
1114 2141 1286 2220 perpetra-

164 2222 232 2295 tur,
256 2219 293 2281 id
309 2218 414 2284 ctiam
430 2219 585 2304 oportuit
600 2221 753 2304 presenti
775 2221 852 2304 lege
875 2224 1093 2302 censendum,
1117 2227 1167 2302 ut,
1192 2225 1286 2308 quid-

166 2307 249 2389 quid
280 2327 301 2370 a
327 2307 400 2372 viro
430 2328 491 2372 seu
521 2311 602 2372 ante
636 2309 777 2393 nuptias
811 2310 908 2374 sivc¹
941 2315 1020 2394 post
1051 2313 1216 2396 nuptias¹
1249 2314 1286 2375 in

164 2395 331 2460 nominey
363 2395 500 2480 isponse
530 2397 586 2460 vel
615 2397 730 2461 uxoris
763 2397 889 2461 tituloz
924 2399 1033 2463 fuerit
1067 2400 1176 2464 dotali
1210 2421 1286 2465 con·

159 2484 348 2568 scriptum,
378 2504 448 2548 non
478 2483 632 2549 mulieris
661 2486 818 2563 heredes,
850 2486 910 2551 sed
940 2488 1083 2552 heredes
1113 2490 1195 2566 eius,
1225 2491 1297 2572 qui‘

168 2572 283 2637 dotem
307 2573 520 2657 conscripsit,
550 2572 689 2639 sibimet
711 2595 773 2658 per
795 2575 910 2638 omnia
931 2577 1092 2640 noverint
1113 2578 1286 2642 vindican-

167 2660 259 2722 dum.
309 2661 468 2725 Personis
497 2681 577 2725 vero
611 2662 742 2726 talibus
777 2664 961 2727 accusandi
991 2665 1047 2729 vel
1076 2666 1286 2729 testificandi

167 2748 278 2831 adque
308 2749 422 2814 aliena
450 2750 591 2833 negotia
617 2751 847 2834 prosequendi
869 2752 1046 2816 licentiam
1069 2753 1207 2836 penitus
1231 2755 1285 2817 ab·

166 2857 348 2920 negamus3
384 2839 466 2920 quia
498 2858 570 2901 non
603 2842 794 2922 poterunta
827 2839 863 2902 in
893 2841 1042 2922 negotiis
1074 2841 1285 2906 secularibus

166 2925 286 2990 fideles
316 2925 476 3004 existere,
509 2927 569 3009 qui
598 2927 817 2991 devotionem
846 2930 1001 2992 sanctam
1031 2949 1117 2992 ausu
1147 2950 1286 3013 conpro-

166 3006 314 3076 banturb
341 3014 509 3098 sacrilego
531 3017 727 3080 temerasse.

370 3199 441 3260 1111.
471 3200 972 3258 Funvmscflmotsvmnus
989 3203 1078 3262 REX.

406 3314 467 3378 De
497 3314 788 3379 masculorum
816 3315 1044 3379 istubris⁸.

272 3419 354 3483 Non
382 3420 646 3503 relinquendum
676 3424 729 3486 est
759 3421 870 3485 scelus
903 3421 1069 3499 inultum,
1105 3423 1197 3505 quod
1232 3424 1286 3488 dc·
1362 3429 1364 3438 ’

164 3500 386 3572 assandumb
413 3528 547 3592 semper
571 3511 631 3572 et⁰
659 3504 876 3574 errecrabile‘l
907 3505 1061 3573 morurn‘l
1089 3512 1280 3594 pravitate⁰

166 3599 335 3660 censetur.
380 3596 614 3661 Masculorum
637 3617 719 3680 ergo
743 3591 1015 3675 concubitoresf,
1039 3598 1095 3663 vel
1117 3599 1178 3681 qui
1199 3599 1287 3662 talia

165 3684 419 3749 consentientes
434 3683 651 3769 pertulerint,
677 3687 752 3748 stag
771 3688 852 3748 sunt
867 3684 954 3769 legis
969 3685 1073 3749 huius
1088 3680 1281 3750 sententiah

165 3773 331 3836 feriendi:
362 3775 403 3835 ut
430 3773 576 3850 scilicet,
608 3793 686 3836 mox
717 3773 789 3837 tale
818 3773 917 3837 nefas
948 3767 1151 3838 admissum¹
1181 3775 1286 3840 iudex

166 3861 344 3925 evidenter
364 3861 632 3944 investigaverit,
663 3864 827 3944 utrosque
851 3862 1015 3925 continuo
1039 3865 1188 3927 castrare
1212 3884 1285 3946 pro-

166 3952 263 4013 curet
293 3952 329 4012 et
357 3949 498 4013 tradens
528 3969 586 4012 eos
615 3949 772 4033 pontifici
804 3949 971 4013 territorii
1006 3950 1122 4028 huius,
1158 3951 1219 4014 ubi
1248 3951 1285 4014 id

165 4037 358 4121 perpetrari
392 4037 590 4121 contigerit,
629 4037 870 4120 sequestratim
904 4038 1011 4102 ardue
1045 4039 1286 4128 mancipentur

160 4241 163 4248 “
272 4243 296 4291 q)
310 4239 474 4286 discessitltl,
532 4244 553 4291 r)
566 4241 596 4283 ad
610 4253 703 4284 uxorem
717 4243 763 4286 ΕΙ.
824 4245 843 4292 s)
858 4245 980 4284 sumserint
993 4243 1039 4288 nt.
1094 4246 1112 4293 t)
1125 4245 1284 4294 ingerinth.

166 4297 190 4344 u)
203 4296 310 4337 missione
323 4296 370 4338 Rl.
424 4298 448 4345 v)
461 4296 562 4346 preoclat
575 4297 621 4340 121.
662 4299 692 4346 w)
706 4300 814 4346 percepto
827 4297 873 4340 121.
914 4300 938 4347 x)
951 4297 1001 4338 sive
1015 4301 1066 4347 post
1079 4299 1169 4347 nuptias
1183 4297 1284 4341 dormi.

167 4350 190 4400 y)
204 4359 285 4390 nomen
299 4359 381 4398 sponse
395 4349 442 4392 ΒΞ.
495 4351 516 4398 a)
529 4349 586 4390 deest
599 4350 646 4392 131.
699 4352 722 4399 a)
736 4351 919 4399 potueruntBi.
973 4351 996 4400 b)
1009 4351 1134 4400 probantur
1147 4351 1194 4394 131.

272 4402 327 4446 ΠΗ.
368 4403 390 4450 t)
404 4403 488 4453 stupris
502 4401 549 4444 Bt.
616 4402 640 4451 b)
653 4400 787 4444 detestando
801 4403 848 4445 Ra.
912 4405 933 4452 c)
947 4403 1003 4444 deest
1017 4405 1064 4447 ΕΙ.
1131 4401 1155 4452 d)
1169 4403 1285 4444 execravit

166 4453 245 4494 horum
258 4455 310 4507 121;
332 4455 482 4495 mecmbssem
495 4456 575 4496 horum
589 4455 637 4500 Bt.
701 4457 723 4504 e)
736 4457 769 4495 tta
782 4457 829 4498 131.
843 4456 865 4494 Ε
873 4459 896 4508 1;
918 4457 1018 4506 probitas
1032 4457 1079 4500 ΒΞ.
1146 4457 1165 4505 f)
1178 4456 1284 4505 goncubi·

167 4511 225 4548 tores
239 4508 291 4559 1³15
306 4508 488 4550 concubitoribus
501 4509 548 4552 Bt.
602 4511 625 4558 κ)
639 4509 684 4550 ists
698 4509 744 4553 122.
798 4510 822 4559 h)
836 4509 972 4551 sarmatiam
985 4511 1033 4554 1³1.
1087 4510 1104 4559 i)
1117 4509 1224 4549 amissum
1236 4509 1283 4551 Bi.

1034 4595 1069 4653 8*
