3220 5212
323 551 395 610 XIV
769 550 1000 608 PRAEFATIO.

439 735 579 816 44444946
600 755 675 816 9494
697 733 747 798 lea
770 733 876 799 causis
888 731 1173 815 praescriptionem
1188 731 1322 814 44494444
1344 754 1442 798 auuo

324 843 396 888 rum
408 822 576 905 coustituit,
587 828 756 904 praeterea
770 829 875 887 autem
890 821 957 885 iam
968 841 1074 886 omues
1089 841 1203 887 causus
1218 827 1443 904 4444949444

324 913 415 977 illam
438 910 670 977 celeberrimam
693 917 722 976 et
743 911 876 991 fatalem
899 916 987 975 aclas
1009 931 1074 975 esse
1097 909 1241 974 abolitas.
1288 910 1443 976 Auctores

325 1000 421 1084 Lapis
443 999 714 1082 Burpuudiouum
741 998 982 1080 antiquissimas
1005 997 1238 1081 Visipotborum
1265 999 1346 1081 46964
1368 1005 1443 1064 aute

325 1090 428 1154 oculos
458 1088 604 1154 babuisse
628 1095 657 1154 64
680 1109 745 1153 494
761 1109 870 1170 pauca
899 1089 943 1152 ad
971 1108 1081 1153 earum
1111 1088 1252 1169 eaempla
1280 1087 1443 1169 scripsisse

324 1199 425 1260 uuper
448 1175 673 1242 demonstrauit
695 1178 741 1241 H.
761 1177 925 1257 Bruuuer‚
948 1175 1001 1241 ‘D.
1018 1175 1154 1257 14431,
1170 1197 1206 1257 p.
1220 1182 1295 1240 339.
1330 1175 1442 1240 Etiam

324 1266 375 1332 bic
397 1265 477 1330 mibi
506 1265 654 1330 oideutur
675 1265 924 1348 Burpuudioues
954 1264 1164 1346 Visipotbioas
1194 1265 1274 1347 46964
1303 1264 1443 1330 imitatos

324 1377 397 1435 esse,
422 1356 578 1437 quaedam
600 1357 645 1418 ad
666 1357 761 1419 uerba
784 1354 991 1419 euseribeutes
1001 1353 1021 1417 1.
1108 1377 1110 1382 ·

431 1444 486 1508 Ea
508 1445 616 1508 eadem
638 1465 673 1508 re
696 1442 791 1508 etiam
814 1449 941 1524 tempus,
973 1462 1033 1524 quo
1056 1442 1125 1506 Lea
1148 1441 1265 1508 Eurici
1288 1445 1364 1507 data
1387 1449 1440 1523 est,

324 1531 474 1612 efficitur.
522 1533 611 1597 Num
633 1531 663 1596 si
683 1530 874 1614 99464444464
896 1530 1021 1611 quidem
1046 1530 1158 1595 XXX
1172 1551 1331 1595 auuorum
1348 1552 1442 1612 prac-

324 1620 452 1702 scriptio
487 1619 696 1701 coustituitur,
729 1626 898 1702 praeterea
935 1625 1039 1684 autem
1077 1640 1183 1684 omues
1220 1639 1335 1684 causae
1369 1626 1442 1684 4446

318 1730 464 1792 9494444
492 1709 584 1774 illam
613 1708 695 1772 auui
725 1713 800 1772 451.
831 1714 919 1773 actae
949 1707 1084 1772 abolitae
1113 1709 1326 1789 declararetur,
1359 1709 1442 1774 4444

325 1799 420 1880 469644
443 1797 607 1862 uouuullis
630 1797 727 1862 auuis
751 1803 825 1861 aute
848 1801 1068 1861 44444481.
1093 1798 1201 1860 datam
1227 1817 1292 1862 esse
1315 1803 1441 1878 oportet.

325 1887 468 1952 Eooutra
498 1907 575 1967 opus
604 1885 811 1968 lepislatiouis
834 1885 991 1950 Furicum
1020 1891 1187 1950 46449494
1203 1885 1322 1966 primis
1345 1884 1443 1950 auuis

322 1982 393 2056 poet
408 1995 540 2057 4694444
555 1980 712 2056 acceptum
727 1973 870 2054 duioisse
886 1973 1092 2055 crediderim·
1114 1973 1221 2054 444946
1235 1973 1325 2038 iutro
1339 1995 1443 2040 auuos

324 2064 392 2143 fere
423 2069 497 2127 470.
528 2069 557 2129 64
587 2069 661 2128 475.
695 2062 800 2128 Codes
827 2061 943 2127 Eurici
972 2063 1074 2127 editus
1106 2083 1170 2126 esse
1203 2062 1284 2126 mibi
1317 2062 1442 2143 quidem

324 2151 457 2217 uidetur.

436 2240 541 2306 Codex
562 2239 687 2322 Eurici,
718 2238 809 2305 cuius
835 2261 900 2304 uou
923 2238 988 2304 uisi
1010 2240 1192 2322 frapmeuta
1215 2239 1336 2304 tradita
1358 2246 1440 2321 suut,

324 2328 361 2394 iu
383 2329 541 2411 lactearum
563 2328 688 2394 restitui
710 2349 775 2394 uou
791 2334 902 2410 potest.
949 2328 1124 2408 Pleraeque
1149 2328 1275 2410 quidem
1297 2327 1441 2394 coustitu

240 2443 243 2448 ·
324 2417 433 2499 times,
465 2438 545 2498 9446
576 2417 613 2482 44
641 2418 724 2500 4696
750 2416 1039 2482 Reccessoiudiaua
1070 2416 1239 2499 ‘autiquae'
1268 2417 1441 2499 iuscriptae

324 2513 407 2587 suut,
431 2527 469 2570 64
489 2505 601 2572 coaice
619 2506 736 2572 Eurici
758 2512 897 2587 receptae
916 2511 999 2587 suut,
1023 2525 1122 2587 46944
1140 2527 1213 2570 uero
1232 2526 1338 2570 omues
1361 2505 1441 2571 auti·

324 2615 404 2677 quae
430 2594 505 2660 iude
527 2602 668 2676 saraptae
694 2602 777 2676 suut,
807 2615 906 2674 46946
935 2615 1041 2659 omues
1063 2592 1179 2659 Eurici
1202 2594 1282 2676 44964
1303 2601 1442 2675 receptae

323 2691 416 2764 suut;
446 2703 525 2765 9446
554 2689 658 2748 autem
680 2690 819 2764 receptae
841 2689 915 2747 suut
937 2703 976 2748 64
991 2689 1086 2763 parte
1109 2703 1174 2746 uou
1201 2683 1376 2748 iumutatue
1405 2683 1441 2748 iu

204 2801 206 2808 ·
323 2771 610 2837 Reccessaiudiaua
633 2773 716 2855 1696
742 2778 884 2852 exstuat·
913 2773 969 2837 sed
989 2793 1028 2836 64
1055 2771 1176 2853 forma,
1207 2792 1302 2852 quam
1332 2771 1441 2836 46644-

321 2860 403 2942 94444
432 2861 611 2926 receusioue
638 2860 791 2943 accepisse
817 2860 974 2925 uideatur.
1025 2860 1115 2925 09446
1137 2859 1262 2941 quidem
1284 2881 1339 2924 eas
1361 2861 1442 2942 46944

325 2948 493 3030 ‘autiquae'
516 2949 637 3015 iberico
660 2949 829 3014 4444444944
852 2951 1004 3030 debemus,
1028 2970 1108 3030 9446
1129 2948 1167 3012 44
1185 2947 1441 3031 1994344444-

322 3036 454 3119 riorum,
471 3037 749 3120 Burpuudiouum
766 3039 970 3102 Fraucorum
985 3043 1124 3118 receptae
1146 3037 1195 3102 rel
1216 3037 1262 3102 ibi
1279 3036 1442 3102 adhibitae

322 3133 415 3208 suut;
439 3127 480 3206 cf.
504 3128 550 3191 H.
574 3126 738 3208 Bruuuer‚
765 3125 928 3191 ί1444443
952 3127 982 3206 Ι,
1000 3148 1035 3208 p.
1059 3131 1133 3190 300.
1159 3131 1223 3190 314
1239 3146 1284 3208 99.
1310 3131 1383 3189 330.

430 3216 475 3279 14
502 3215 627 3281 Codicis
649 3215 766 3280 Eurici
794 3213 984 3296 frapmeutis
1013 3214 1143 3279 edeudis
1171 3236 1248 3278 usus
1270 3236 1340 3278 sum
1370 3235 1441 3296 apo

320 3303 443 3386 prapbo
466 3303 611 3385 Kuustii,
643 3307 727 3386 quod
753 3303 820 3385 ipse
843 3302 986 3367 Parisiis
1016 3323 1085 3368 mm
1115 3302 1217 3368 codice
1247 3303 1364 3369 coaiuli
1393 3302 1441 3368 iu·

322 3391 434 3473 spectis
456 3392 551 3457 etiam
571 3392 664 3473 uotis,
688 3392 801 3474 quibus
815 3391 981 3456 Auscbdtc
1004 3393 1041 3456 de
1064 3390 1219 3457 recisioue
1240 3413 1301 3457 sua
1323 3391 1439 3473 retulit,

324 3480 465 3546 ‘Arcbio’
491 3481 557 3563 XI,
576 3503 612 3562 p.
630 3486 694 3544 215
711 3500 776 3563 sqq.
816 3481 903 3562 Quae
926 3501 990 3544 uou
1013 3480 1100 3562 lecta,
1125 3483 1181 3546 sed
1201 3481 1343 3562 suppleta
1365 3487 1442 3544 suut

322 3569 414 3635 uucis
448 3569 615 3652 quadratis
648 3566 655 3653 [
684 3565 692 3652 4
724 3568 850 3634 iuclusi.
904 3569 1022 3650 Aperte
1057 3569 1133 3634 lecta
1169 3575 1198 3633 et
1226 3569 1441 3651 supplementa

323 3665 407 3723 certa
436 3658 531 3724 ‘rectis
561 3657 689 3738 litteris,
725 3656 868 3738 autiquis
896 3677 976 3739 9446
1006 3657 1163 3740 dicuutur,
1194 3657 1338 3738 imprimi
1366 3656 1438 3738 feci,

322 3767 402 3827 9446
426 3747 575 3813 dubitaus
598 3746 659 3828 4694
681 3746 729 3811 464
751 3746 892 3828 suppleri
915 3745 1048 3828 obliquis
1063 3745 1185 3828 litteris,
1210 3745 1345 3812 cursivis
1360 3765 1441 3826 9446

322 3835 480 3902 dicuutur.

428 3924 575 4006 Papiuas
602 3923 718 3990 codicis
739 3923 831 4006 sipuo
869 3922 881 4005 ΙΙ
920 3923 1055 3989 distiuai
1077 3930 1107 3989 64
1127 3923 1164 3988 44
1186 3923 1331 4006 44449449
1348 3922 1441 4004 9494-

322 4033 383 4077 uas
413 4012 541 4094 codicis,
575 4012 683 4094 quoles
713 4034 799 4078 uuuc
827 4018 913 4094 suut,
945 4019 974 4078 64
1001 4011 1093 4078 uacis
1122 4012 1264 4077 iuclusus
1286 4011 1439 4094 9494444,

322 4101 430 4182 quales
452 4101 489 4165 iu
511 4101 641 4182 4444944
665 4102 767 4183 469444
790 4101 892 4167 codice
915 4107 1015 4183 eraut,
1036 4100 1191 4166 iudicari.
1237 4100 1353 4166 Versus
1376 4099 1439 4166 siu·

320 4190 411 4272 94449
427 4188 627 4272 pupiuarum
650 4189 765 4256 codicis
786 4189 923 4272 siupulis
946 4189 1039 4255 liueis
1062 4188 1213 4272 disposui.

323 4417 349 4482 1)
369 4416 421 4467 Oui
437 4418 560 4483 cpiuioui
582 4433 636 4468 494
662 4418 765 4469 obstare
789 4418 901 4482 videtur,
926 4419 1004 4483 quod·
1019 4419 1061 4471 tit.
1075 4420 1116 4471 79.
1142 4417 1221 4482 Lupis
1240 4417 1326 4482 Burp.
1344 4419 1440 4468 cousti-

322 4490 448 4538 tutiouem
466 4503 491 4541 a.
505 4489 565 4543 515.
585 4489 677 4540 datam
693 4489 800 4556 praebet
807 4505 818 4549 ,·
835 4505 899 4540 uam
917 4489 967 4540 illa
984 4489 1121 4539 simillimi
1137 4493 1204 4540 46449
1222 4488 1274 4554 4694
1289 4488 1439 4554 deperditae

321 4559 464 4611 substituta
481 4567 535 4622 cst;
553 4561 587 4624 cf.
607 4561 686 4612 ctiam
704 4560 798 4626 [49644
816 4560 967 4611 Bouianum
986 4559 1071 4626 Burp.
1091 4566 1108 4614 t.
1127 4563 1170 4614 31.
