3198 5202
348 530 403 584 228
528 524 606 580 Lux
623 524 739 582 VISIG.
758 523 1026 581 REGOESSVINI).
1064 523 1189 593 11111,
1208 528 1286 582 3·-5.

349 709 492 793 quisque
522 709 751 792 ingenuorum
778 719 803 774 L
829 707 969 790 flagella
999 707 1174 791 suscipiat.
1227 707 1322 772 Servi
1353 711 1469 773 autem
1590 715 1592 750 2

349 797 452 861 huius
481 796 634 861 criminis
661 797 754 874 socii,
786 797 815 860 si
838 795 981 860 alterius
1005 796 1136 860 domini
1159 799 1249 873 sunt,
1280 797 1412 880 singuli
1434 797 1470 860 in

349 889 522 951 conventu
557 884 696 969 publico
731 885 775 948 ad
806 884 951 948 aliorum
985 887 1153 949 terrorem
1188 886 1323 972 extensi
1356 905 1470 949 coram

347 974 462 1038 iudice
487 984 531 1039 00
554 973 669 1038 hictus
693 974 865 1057 accipiant
888 971 1140 1056 flagellorum⁰.

553 1125 624 1184 1111.
654 1124 823 1181 FLAVIUS
842 1124 1156 1180 OHINDASVINDUS
1174 1124 1261 1181 REX.

350 1221 393 1285 Si
427 1222 546 1284 intra
581 1222 748 1285 domum
781 1220 850 1285 vel
886 1221 1058 1283 ianuam
1096 1240 1212 1283 snam
1246 1220 1470 1286 violenter
1590 1209 1592 1294 J

676 1309 839 1392 aliquis
870 1309 1139 1373 includatur.

457 1415 671 1499 Quicumque
704 1415 882 1478 dominnm
910 1414 966 1480 vel
997 1415 1172 1478 dominam
1203 1416 1297 1479 intra
1329 1417 1468 1480 domum
1591 1403 1592 1406 ¹

348 1504 404 1569 vel
428 1505 535 1568 curtis
558 1524 618 1568 sne
641 1503 781 1568 ianuam
801 1503 970 1568 violenter
992 1503 1173 1568 incluserit
1196 1503 1311 1587 eisque
1335 1504 1468 1568 aditum

349 1593 551 1678 egressionis
574 1593 752 1676 negaverit
774 1593 854 1669 sive,
879 1595 945 1654 ut⁸
971 1592 1008 1655 id
1031 1591 1139 1668 fieret,
1164 1591 1241 1656 aliis
1265 1593 1466 1676 preceperit,
1590 1641 1592 1676 ,

349 1703 411 1766 pro
435 1674 534 1745 aussib
561 1680 759 1745 temeritate
789 1684 890 1745 autor
920 1680 1058 1745 sceleris
1089 1682 1149 1744 det
1172 1681 1311 1744 domino
1333 1682 1390 1745 vel
1414 1682 1468 1746 do
1591 1681 1592 1746 ἴ

349 1771 441 1834 mine
469 1770 545 1833 auri
572 1769 699 1833 solidos
725 1789 868 1833 numero
891 1779 976 1834 XXX
999 1772 1035 1833 et
1057 1772 1173 1853 preter
1196 1770 1262 1833 hoc
1285 1780 1307 1834 c
1330 1769 1469 1853 flagella
1591 1769 1592 1808 ³

349 1859 524 1942 suscipiat.
577 1857 640 1921 Hii
669 1878 759 1935 vero,
791 1858 850 1941 qui
880 1857 980 1921 malis
1009 1857 1259 1922 volumtatibus
1290 1859 1363 1922 eius
1394 1879 1468 1922 con·
1589 1879 1592 1950 3

350 1947 518 2012 senserint
534 1946 746 2023 ausiliumve,
771 1949 811 2009 ut
827 1947 892 2010 hoc
909 1947 1016 2023 fieret,
1041 1947 1266 2029 prestiterint,
1291 1947 1321 2009 si
1342 1947 1467 2010 ineius

349 2035 540 2119 patrocinio
575 2055 645 2098 non
679 2037 773 2112 sunt,
813 2034 942 2118 singuli
975 2035 1204 2118 ingenuorum
1237 2035 1467 2117 quindecenos
1591 2019 1592 2054 Τ

350 2123 476 2187 solidos
503 2122 583 2200 illis,
613 2122 738 2206 quibus
764 2122 965 2187 violentiam
992 2122 1197 2200 intulerunt,
1226 2125 1394 2207 cogantur
1421 2125 1468 2186 in·

348 2211 439 2276 ferre
463 2213 499 2276 et
522 2232 583 2295 pro
607 2211 766 2275 admissi⁰
787 2211 1020 2295 presumtione
1043 2213 1190 2276 centena
1208 2211 1348 2295 flagella
1367 2213 1469 2276 susci·

349 2300 458 2384 piant.
505 2299 602 2364 Servi
631 2302 757 2376 autem,
789 2300 818 2363 si
846 2299 884 2363 id
914 2300 1053 2364 domino
1075 2299 1131 2364 vel
1158 2300 1298 2364 domina
1323 2321 1393 2364 non
1420 2301 1467 2363 in·

349 2389 453 2452 bente
482 2387 712 2466 conmiserint,
741 2398 786 2453 00
814 2388 929 2452 hictus
957 2388 1130 2472 accipiant
1157 2388 1384 2471 flagellorum.
1432 2389 1468 2452 Si
1590 2429 1592 2436 ,

348 2497 428 2541 vero
458 2476 510 2540 ita
539 2476 698 2540 dominns
724 2476 779 2541 vel
811 2477 950 2540 domina
975 2497 995 2539 a
1016 2476 1169 2540 violento
1196 2477 1252 2540 vel
1281 2481 1468 2560 presumto-
1584 2469 1592 2492 ²

349 2560 443 2629 rern‘1
474 2568 571 2629 extra
600 2585 697 2628 suam
730 2565 869 2629 domum
898 2564 954 2630 vel
983 2565 1107 2629 111111θ
1135 2565 1371 2642 excludantur,
1402 2560 1464 2629 utf

349 2654 523 2730 continuo,
547 2654 639 2736 quod
662 2656 716 2717 est
738 2653 885 2736 gravius,
909 2656 1062 2737 potestas
1086 2657 1134 2718 eis
1158 2653 1201 2718 ab
1226 2674 1266 2718 ea
1289 2655 1390 2718 domo
1413 2654 1467 2719 vel

348 2741 483 2806 familia
518 2742 707 2825 ceterisque
740 2743 844 2806 rebus
878 2742 1066 2820 auferatur,
1107 2743 1293 2806 conmissor
1330 2743 1466 2807 sceleris
1590 2813 1591 2828 ἶ

349 2830 513 2894 damnum
539 2829 725 2894 invasionis
752 2831 908 2895 incurrat
937 2832 1048 2914 adque
1072 2831 1178 2895 etiam
1201 2842 1223 2896 0
1246 2831 1360 2895 hictus
1384 2832 1467 2894 acci·
1589 2831 1591 2884 1

349 2919 423 3002 piat
445 2918 672 3002 flagellorum.
718 2918 868 3003 Ingenui
891 2922 1009 2983 autem
1024 2919 1128 2982 huius
1147 2918 1297 2983 criminis
1321 2921 1414 2996 socii,
1440 2922 1467 2982 si

347 3008 385 3069 in
408 3007 481 3071 eius
504 3007 696 3090 patrocinio
726 3028 796 3071 non
824 3010 914 3085 sunt,
944 3009 1090 3072 centena
1111 3007 1251 3090 flagella
1278 3009 1467 3092 suscipiant
1590 3003 1591 3042 ³

348 3098 385 3159 et
405 3095 533 3178 singuli
552 3097 710 3160 trecenos
728 3095 858 3159 solidus
879 3099 1048 3179 cogantur
1063 3095 1230 3173 exolvere,
1254 3095 1324 3160 illis
1347 3097 1467 3181 procul

349 3184 454 3247 dubio
470 3184 679 3267 profunuos,
703 3184 828 3271 quibus
851 3185 941 3248 hanc
964 3184 1125 3247 iniuriam
1148 3184 1306 3248 intulisse
1326 3205 1467 3249 noscun-

347 3274 416 3335 tur.
453 3271 553 3350 Quod
576 3272 605 3336 si
628 3272 694 3337 hoc
717 3273 807 3336 servi
829 3272 1068 3356 ignorantibus
1093 3273 1240 3337 dominis
1263 3294 1325 3337 sua
1346 3276 1467 3357 sponte

349 3361 579 3438 conmiserint,
604 3361 693 3424 servi
715 3381 840 3444 penam
863 3361 1057 3426 sustineant
1080 3362 1237 3444 superius
1261 3363 1467 3446 conprehen-

348 3469 437 3526 sam;
462 3448 593 3512 domini
614 3469 696 3514 vero
719 3449 809 3512 nihil
831 3449 956 3514 iniurie
979 3449 1034 3515 vel
1058 3449 1258 3514 detrimenti
1280 3451 1467 3533 perferant.

348 3537 392 3600 Ι(1
414 3538 510 3621 ipsut
533 3537 637 3601 etiam
657 3537 845 3622 patiantur,
870 3539 930 3621 qui
946 3538 1085 3602 domum
1101 3537 1250 3602 alienam
1266 3559 1328 3602 sua
1344 3539 1467 3603 autori·

347 3628 422 3689 tate
445 3625 518 3689 sine
541 3625 632 3709 regis
654 3626 710 3691 vel
733 3626 857 3692 iudicis
879 3627 1029 3690 iussione
1057 3626 1324 3710 adprehendere,
1354 3628 1467 3692 discri-

348 3713 429 3778 bere
453 3716 515 3776 aut
537 3713 718 3797 obsignare
742 3716 997 3798 presumserint.

570 3866 606 3923 V.
636 3865 805 3922 FLAVIUS
824 3865 1139 3922 (lHINDASVINDUS
1156 3865 1245 3924 REX.

348 3959 404 4022 Ut
431 3958 556 4023 nulla
581 3980 650 4025 res
678 3960 727 4024 ab
757 3961 846 4026 alio
876 3981 1078 4047 possessa
1108 3961 1269 4045 absque
1298 3961 1467 4026 iudicio

780 4054 1031 4134 usurpetur.

453 4153 581 4218 Nullus
612 4175 738 4232 comcs,
768 4155 930 4233 vicarius,
960 4156 1098 4233 vilicus,
1129 4155 1337 4241 prepositus,
1372 4160 1468 4221 actor

347 4245 409 4305 aut
432 4246 634 4326 procurator
657 4263 719 4307 seu
740 4243 888 4326 quilibet
910 4245 1081 4328 ingenuus
1097 4245 1209 4327 adque
1228 4245 1334 4309 etiam
1350 4264 1466 4310 servus

454 4394 668 4444 1)11111α(1(1.1111.

454 4449 508 4492 IIII.
549 4450 700 4497 1)(11111111.
761 4451 785 4499 b)
799 4451 892 4494 111112,
907 4451 959 4504 213
982 4451 1097 4496 facthI.
1156 4453 1177 4501 c)
1191 4451 1316 4495 amlisl.
1379 4449 1403 4503 d)
1416 4461 1465 4501 pra-

346 4505 446 4541 sumtorc
464 4502 509 4545 Ra.
564 4503 751 4550 e)lanurm122.
805 4504 919 4553 1111111.
