3220 5212
545 1474 899 1560 PRAEFATIO.

269 1700 398 1800 Loqum
405 1714 639 1798 Visiqotborum
654 1714 794 1797 editioni,
812 1736 907 1797 quam
922 1715 958 1781 in
969 1717 1091 1800 Lequm
1105 1717 1238 1784 sectione
1250 1719 1281 1782 I.

152 1804 388 1888 praebebimus,
416 1804 499 1870 banc
519 1803 689 1887 praeviam
708 1803 977 1886 praemittendam
1003 1804 1192 1888 curavimus,
1218 1827 1283 1888 qua

159 1915 229 1958 nou
251 1893 318 1959 nisi
340 1892 537 1975 antiquiores
559 1893 640 1975 teqes
666 1891 965 1974 cmuqrrebeudinms,
995 1893 1112 1960 sedicet
1139 1894 1282 1960 Oodioem

160 1983 274 2065 teqam
305 2002 396 2064 quem
425 1980 559 2048 dicimus
587 1980 811 2064 Iburicianum,
845 1987 874 2046 ct
902 1983 1018 2064 Leqom
1048 1982 1282 2064 Visiqotborum

158 2069 497 2151 Roeoessrindianam,
525 2089 605 2151 quae
631 2069 669 2134 iu
691 2069 913 2151 antiquissimo
943 2070 1045 2136 codice
1067 2071 1282 2156 manuscripto

159 2158 365 2226 inscribitur:
406 2157 505 2224 liber
541 2157 743 2224 iudiciorum.
805 2157 930 2224 Codicis
963 2158 1080 2226 moto
1117 2181 1182 2226 non
1216 2160 1282 2226 nisi

158 2248 344 2329 sraqmeuta
359 2253 484 2312 esistunt
505 2247 542 2312 in
557 2245 660 2314 codiee
674 2246 768 2313 unico
784 2246 975 2329 Parisionsi,
999 2267 1079 2329 quae
1101 2269 1140 2313 eu
1159 2248 1282 2316 somnis

157 2337 223 2402 Fr.
240 2335 391 2402 Heinrici
406 2336 517 2401 Knust
529 2335 700 2418 posthumo
722 2335 822 2402 edidit
841 2335 1031 2402 Fridericus
1044 2336 1190 2419 Btubme,
1208 2359 1281 2420 quer·

153 2447 274 2508 peram
295 2447 333 2490 ea
354 2425 535 2490 Restaredo
558 2425 589 2488 Ι.
613 2423 798 2490 attribuens.
848 2423 948 2490 Orbius
970 2424 1086 2491 codicis
1114 2448 1136 2490 a
1164 2447 1213 2492 me
1235 2447 1281 2492 re·

159 2512 291 2580 tractati
331 2519 448 2579 testum
484 2511 649 2578 nmnultis
687 2512 763 2578 toas
796 2514 995 2579 eusendatum
1032 2535 1117 2580 nuno
1155 2513 1280 2596 quidem

165 2601 275 2667 lectori
308 2603 464 2684 praebeo,
504 2607 610 2666 tauron
648 2601 846 2682 definitivam
883 2601 1051 2668 editionem
1088 2624 1153 2668 uon
1180 2625 1280 2686 para-

158 2690 274 2773 verim,
310 2696 479 2772 autequam
514 2689 705 2772 fraqmcutis
738 2689 851 2754 iterum
884 2689 1033 2772 inspectis
1066 2697 1107 2773 ct,
1143 2691 1172 2757 si
1205 2692 1280 2772 fieri

150 2779 282 2862 poterit,
312 2785 380 2844 arto
403 2778 656 2861 qbotoqrapbiea
685 2778 830 2844 adbibita
858 2778 1035 2860 scripturae
1064 2779 1218 2846 enanidae
1251 2787 1281 2848 et

96 2937 103 2947 ,
158 2866 343 2932 obliteratae
369 2866 510 2950 oestiqiis
535 2866 639 2949 maqis
665 2865 842 2948 dtustrotis,
873 2865 1081 2950 inoestiqotis,
1109 2868 1280 2950 euploratis

158 2961 279 3020 tentum
295 2953 472 3038 pleniorem
494 2961 523 3020 et
546 2955 708 3022 certiorem
723 2955 866 3020 cohibere
874 2955 1006 3036 possim.
1044 2957 1161 3038 Leqem
1175 2963 1280 3022 autem

158 3043 482 3110 Reooessoindianam
512 3044 616 3110 adbuc
643 3045 711 3124 fere
737 3042 931 3125 incoquitam
953 3043 1023 3109 idco
1046 3043 1112 3108 iam
1135 3049 1208 3110 ante
1231 3047 1279 3110 de·

158 3131 323 3213 finitivam
345 3133 518 3198 editionem*
536 3132 573 3198 in
589 3132 718 3214 qrubtico
734 3135 976 3215 qropmsendam
999 3132 1086 3214 dudi,
1117 3133 1194 3214 qnia
1223 3134 1280 3200 boo

13 3301 21 3310 Ι
158 3222 369 3302 suudmnento
392 3220 455 3286 uiti
477 3223 572 3303 debet,
603 3221 787 3303 quicumque
817 3223 854 3288 de
883 3220 1078 3303 teqistatioue
1109 3221 1280 3304 Visiqobo·

158 3331 235 3376 rum
256 3310 322 3375 outt
343 3310 535 3393 inoestiqore
557 3310 605 3376 oet
628 3309 800 3391 disputare.
846 3310 949 3375 Haud
970 3309 1063 3376 dubie
1085 3310 1170 3376 enim
1188 3310 1280 3375 nmtti

159 3419 285 3464 errores
308 3405 336 3464 et
351 3398 571 3481 dubitationes,
596 3398 709 3481 quibus
726 3399 831 3464 adbuc
854 3397 1000 3480 inplicati
1020 3405 1095 3464 sunt
1108 3398 1173 3464 oiri
1188 3399 1278 3481 docti,

158 3487 223 3552 hae
243 3487 396 3570 oriqinati
418 3493 448 3552 ot
467 3486 610 3570 qenuiua
624 3487 722 3570 Leqis
736 3486 970 3568 Visiqotborum
993 3488 1100 3567 forma
1115 3494 1280 3570 perspecta

157 3575 315 3656 facillime
336 3576 510 3640 solvuntur.

268 3664 441 3730 Praeterea
463 3663 500 3729 in
523 3663 706 3746 Appendice
733 3663 828 3729 buius
855 3662 1025 3729 uoluminis
1047 3663 1185 3730 subiecta
1206 3671 1282 3730 sunt

161 3758 194 3818 et
213 3752 370 3835 qurituia,
391 3774 471 3835 quae
486 3752 636 3819 dicuntur
656 3751 894 3832 Gaudentiana,
919 3757 948 3816 et
963 3754 1045 3818 duae
1060 3753 1161 3834 Leqes
1179 3759 1281 3817 entra·

159 3847 323 3923 aaqoutes.
369 3843 484 3923 Itaque
511 3863 596 3907 nuno
624 3841 725 3907 tribon
752 3841 907 3923 capitibus
930 3840 1063 3906 breuiter
1085 3843 1123 3906 dc
1144 3840 1282 3923 sinqnlis

159 3929 365 4013 disseramus,
395 3930 512 3996 scilieet
535 3951 602 4012 oap.
627 3931 658 3994 Ι.
686 3929 738 3995 De
761 3928 873 3995 Codice
896 3929 1021 4010 Earini,
1052 3951 1120 4010 cop.
1144 3930 1199 3993 II.
1229 3930 1281 3995 Do

159 4019 247 4100 Leqe
266 4017 657 4108 Reeomoiudiono,·euq.
681 4019 757 4086 III.
787 4017 839 4083 Do
861 4017 1053 4100 Appendioe.
1100 4018 1281 4100 Antequam

159 4113 266 4171 autem
299 4109 344 4173 ad
376 4107 506 4190 sinquba
539 4109 709 4173 tractanda
743 4105 923 4188 aqqrediar,
952 4105 1151 4188 prinoiqmbos
1185 4106 1282 4172 libros

160 4201 192 4260 et
211 4195 448 4262 dissertationes
470 4197 667 4277 enumerabo,
691 4194 728 4260 in
750 4194 863 4277 quibus
885 4194 950 4258 oiri
972 4193 1054 4260 docti
1076 4197 1114 4259 de
1136 4194 1187 4259 bis
1210 4195 1281 4277 beqi-

161 4285 220 4348 bas
242 4283 500 4366 disputaverunt:
522 4285 564 4348 F.
589 4284 623 4350 0.
648 4306 677 4348 o.
703 4283 855 4366 Saoiqnq,
881 4281 1077 4349 ‘Gesobicbte
1099 4285 1153 4348 des
1175 4283 1282 4348 nont-

2 4397 3 4413 *
158 4371 257 4437 seben
279 4372 395 4438 Reobts
420 4372 465 4437 im
491 4372 691 4438 Mitteialter'
719 4368 783 4451 (ed.
806 4373 842 4456 2)
867 4372 916 4436 ΙΙ
937 4368 1143 4453 (Heidelberq
1169 4374 1279 4456 1834),

83 4525 90 4532 ,
150 4482 191 4544 qo.
206 4465 247 4524 67
260 4481 326 4543 sqq.
348 4468 377 4526 et
392 4462 469 4528 Job.
485 4461 611 4527 Merkel
632 4460 679 4527 ibi
699 4461 736 4526 iu
759 4467 839 4526 tomo
854 4460 930 4525 VII
943 4456 1073 4544 (1851),
1091 4482 1127 4541 qs.
1141 4465 1282 4542 4tsqq.,·

159 4549 224 4616 Fr.
247 4549 363 4616 Btume
397 4547 536 4633 mosten:
565 4550 729 4634 Blubme),
761 4548 835 4614 ‘Die
862 4549 1106 4632 Westqotbisobe
1134 4548 1283 4630 Antiqua
