3220 5212
378 529 455 586 Lux
473 529 588 588 VISIG.
607 529 878 588 RnccnssVIND.
913 531 954 599 II,
968 537 991 600 1,
1011 537 1036 589 6.
1050 538 1074 590 7.
1250 539 1286 592 43

165 715 321 791 voluerit,
346 735 416 780 nou
440 716 482 780 de
501 714 671 780 facultate
696 717 778 793 eius,
803 719 864 781 sed
886 719 979 782 unde
1003 717 1173 801 placuerit
1196 719 1284 802 prin·

165 803 230 886 cipi
253 807 394 868 tantum
417 804 449 868 ei
471 803 651 867 solumodo
675 799 914 870 concessurus¹
946 809 1007 882 est,
1036 810 1207 890 quantum
1229 809 1284 872 he·

163 893 320 1045 gplqgcrqtttis
352 893 505 957 eiusdem
535 892 667 977 culpati
697 894 889 958 vicesimam
924 895 1035 978 portio
1070 895 1177 960 fuisse
1209 916 1284 960 con·

250 1169 318 1228 VH.
346 1169 516 1226 FLAVIUS
536 1169 750 1226 GLORIOSUS
768 1170 1079 1228 REOOESSVINDUS
1097 1173 1185 1232 REX.

164 1283 245 1348 De1
265 1304 349 1347 non
370 1283 641 1347 criminando
662 1284 863 1368 principe
883 1303 959 1348 nec
980 1287 1282 1352 maledicendo

681 1371 764 1435 illi.

270 1477 367 1542 Sicut
400 1478 438 1541 in
472 1498 654 1562 personam
687 1479 852 1563 principis
883 1480 1041 1544 omnibus
1076 1481 1281 1565 proibemus,

164 1572 223 1632 aut
254 1587 466 1632 commovere
496 1568 688 1651 nequitiam
718 1568 937 1651 cogitationis
969 1573 1030 1632 aut
1063 1589 1185 1634 manus
1222 1572 1283 1634 ini-

163 1677 236 1722 cere
267 1656 425 1734 ultionis,
461 1657 512 1720 ita
547 1657 652 1720 etiam
688 1657 826 1720 nullum
859 1657 1011 1742 patimur
1041 1658 1078 1722 in
1108 1679 1186 1722 eum
1221 1664 1283 1723 aut

161 1749 281 1810 notam
305 1765 432 1829 ponere
457 1745 629 1809 criminis⁸
654 1749 715 1810 aut
738 1746 843 1810 verba
866 1766 1049 1829 congerere
1073 1746 1282 1812 maledictio·

162 1835 224 1898 nis.
280 1834 382 1898 Sacre
416 1854 565 1916 namque
601 1834 788 1898 auctoritas
819 1835 987 1918 scripture
1017 1839 1053 1901 et
1083 1857 1152 1900 nou
1185 1836 1283 1901 iubet

163 1924 270 2007 accipi
300 1923 522 2008 obproprium
550 1923 711 1987 adversus
740 1925 933 2007 proximum
960 1926 1083 1988 suum2
1113 1929 1148 1989 et
1178 1926 1281 2003 hunc,

161 2013 219 2095 qui
243 2012 461 2076 maledixerit
484 2012 632 2096 principi
655 2011 775 2096 populi
798 2013 852 2076 sui
861 2013 882 2089 ³,
908 2013 1122 2078 demonstrat
1138 2014 1283 2079 existere

161 2122 268 2166 reum.
316 2097 534 2185 Quapropter
560 2101 766 2183 quicumque
794 2101 831 2164 in
855 2102 1045 2186 principem
1068 2108 1130 2167 aut
1154 2103 1283 2167 crimen

161 2191 318 2254 iniecerit
348 2194 410 2254 aut
440 2188 664 2253 maledictum
691 2189 860 2268 intulerit,
890 2191 1120 2255 itauthunc
1145 2192 1283 2256 devita

162 2300 223 2343 sua
241 2281 322 2342 'non
353 2277 534 2342 humiliter
564 2282 599 2343 et
629 2277 772 2342 silenter
802 2280 985 2344 admonere
1016 2284 1190 2364 procuret,
1223 2282 1282 2345 sed

161 2360 263 2431 huicb
291 2387 436 2451 superne
464 2370 499 2431 et
524 2366 773 2432 cuntumeliose
803 2367 971 2432 insultare
998 2372 1184 2452 pertemtet
1212 2371 1282 2434 sive

162 2457 266 2520 ctiam
289 2457 327 2518 in
350 2456 632 2520 detractationis⁰
662 2457 735 2520 eius
765 2457 956 2540 ignominia
984 2458 1102 2542 turpia
1131 2462 1166 2522 et
1196 2459 1281 2520 iniu-

160 2546 251 2609 riosa
274 2548 458 2629 presumat,
484 2545 513 2608 si
532 2565 574 2609 ex
588 2544 763 2610 nobilibus
778 2546 978 2629 idoneisque
995 2547 1148 2630 personis
1163 2547 1279 2624 fuerit,

161 2654 220 2698 seu
244 2635 290 2697 sit
313 2633 493 2716 religiosus
524 2634 594 2698 sive
625 2635 730 2698 etiam
760 2630 903 2712 laicusd,
935 2656 1013 2698 mox
1043 2637 1200 2700 detectus
1229 2656 1280 2700 ex·

160 2723 272 2788 titerit
307 2726 343 2786 et
377 2723 553 2800 inventus,
593 2723 772 2786 dimidiam
806 2724 960 2787 omnium
993 2744 1109 2788 rerum
1142 2745 1281 2787 suarum

161 2816 295 2895 partem
315 2812 464 2890 amittat,
491 2812 534 2876 de
549 2815 637 2894 qua⁰
657 2811 750 2876 idem
766 2813 923 2896 princeps
939 2813 1091 2876 faciendi
1107 2814 1200 2895 quod
1215 2812 1281 2876 sibi

160 2901 330 2984 placuerit
363 2902 572 2984 potestatem
606 2899 773 2965 obtineat.
825 2900 917 2964 Nam
945 2901 975 2965 si
1005 2902 1047 2966 de
1077 2896 1277 2965 vilioribusf

160 2989 469 3072 humilioribusque
493 2990 646 3073 personis
669 2989 814 3067 fueritss,
840 2994 901 3053 aut
925 2993 1016 3054 certe
1040 2982 1163 3073 quemh
1182 2989 1281 3054 nulla

160 3079 311 3160 dignitas
335 3078 524 3154 exornabit,
554 3079 646 3160 quod
673 3079 715 3142 de
738 3079 800 3142 illo
823 3079 879 3143 vel
903 3078 1071 3143 derebus
1096 3079 1167 3143 eius
1191 3079 1280 3163 prin-

160 3186 237 3250 ceps
265 3167 416 3231 voluerit
445 3167 621 3230 iudicandi
652 3167 828 3231 licentiam
859 3167 1012 3232 habebit.
1060 3167 1171 3232 Simili
1201 3188 1280 3249 quo-

160 3276 224 3338 que
248 3260 411 3340 precepto
436 3255 624 3320 defunctog
643 3256 748 3321 etiam
771 3257 919 3340 principi
942 3251 1081 3322 ausum¹
1111 3260 1280 3340 oportune

159 3345 397 3408 interdicimus
416 3345 632 3409 detrahendi.
679 3345 859 3409 Incassum
883 3347 1011 3410 etenim
1034 3346 1088 3410 his
1112 3347 1171 3428 qui
1194 3345 1280 3408 vivit

159 3433 383 3498 detractionis
412 3433 449 3496 in
477 3433 682 3498 defunctum
704 3427 841 3498 iaculak
867 3435 987 3511 mittit,
1019 3454 1097 3497 cum
1125 3436 1196 3498 iam
1226 3435 1279 3498 de-

159 3515 323 3585 iunctusk
345 3541 409 3586 nec
434 3522 740 3586 constitutionibus
763 3522 874 3586 imbui
897 3543 960 3587 nec
985 3523 1279 3607 increpationibus

160 3611 265 3693 possit
293 3604 469 3694 urguerit
521 3611 589 3675 Sed
619 3611 700 3693 qnia
729 3633 789 3695 pro
821 3615 914 3675 certo
944 3611 1039 3675 illius
1069 3613 1204 3676 insania
1232 3612 1280 3674 in-

159 3700 320 3776 notescit,
364 3699 446 3781 quia
483 3699 615 3763 frustra
653 3700 690 3762 in
724 3721 795 3764 non
829 3701 1036 3764 sentientem
1077 3701 1279 3764 detractoris

159 3786 262 3851 verba
284 3787 503 3865 transmittit,
532 3788 610 3852 ideo
636 3789 770 3853 hisdem
793 3793 1011 3872 presumptor
1033 3801 1057 3855 L
1080 3789 1279 3854 verberibus

160 3876 336 3960 vapulavit
360 3879 424 3941 etm
442 3877 686 3962 presumtionis
710 3897 770 3941 sue
793 3881 965 3962 oportuna
987 3877 1126 3942 silentia
1142 3877 1278 3954 dabit¹¹¹,

265 4066 280 4112 1)
296 4075 404 4106 concessa
418 4067 438 4104 R
447 4066 466 4109 2.
520 4068 550 4113 m)
564 4067 688 4107 vicensima
702 4068 722 4105 R
731 4067 750 4108 2.

264 4118 316 4160 VII.
357 4120 679 4168 a)mincprocrimineR1.
740 4121 889 4169 b)r‘taE.V,·
910 4121 1045 4172 huiusRl;
1067 4121 1151 4163 icas.
1206 4123 1225 4168 c)
1240 4118 1279 4160 de·

161 4171 306 4212 tractionlbus
322 4172 370 4213 Ra.
431 4170 454 4222 d)
469 4173 549 4222 vulgus
563 4175 612 4215 ΕΙ.
674 4172 695 4218 e)
709 4175 754 4222 qui
767 4176 816 4215 Rl.
875 4174 1279 4223 ovillosibushumillosusque121.

160 4227 180 4272 ε)
194 4225 249 4264 deest
263 4226 313 4267 121.
354 4226 378 4272 h)
393 4235 438 4273 qua
452 4227 500 4267 121.
541 4227 557 4275 1)
571 4237 628 4266 ausu
643 4226 696 4278 121;
711 4238 766 4267 auso
780 4229 802 4266 Ε
810 4229 828 4270 1.
873 4227 898 4278 k)
911 4229 985 4268 iacula
999 4250 1025 4257 -
1040 4226 1159 4269 defunctus
1174 4227 1279 4271 deam.

160 4277 351 4328 lucanam
371 4280 667 4331 torquerlR15argulal.
720 4282 751 4329 m)
765 4286 827 4320 et-
842 4279 1025 4324 debitricem.

161 4435 186 4501 1)
203 4437 245 4502 Of.
258 4453 384 4491 connum
402 4439 434 4490 de
451 4440 540 4491 wdcm
552 4455 581 4490 rc
593 4446 711 4505 agentem
725 4440 799 4494 ena.
817 4441 896 4496 Τοῖσι,
911 4441 942 4508 V,
960 4444 985 4497 5.
1045 4443 1073 4509 2)
1084 4442 1184 4494 Psalm.
1196 4443 1238 4506 14,
1253 4445 1278 4496 3.

161 4507 187 4572 3)
203 4509 290 4563 Ecod.
309 4511 354 4575 22,
374 4511 425 4572 2&
443 4511 512 4562 Aeta
530 4517 614 4578 apost.
633 4513 677 4576 23,
697 4513 722 4566 5.
