3218 5202
322 543 375 597 114
521 535 600 592 Lux
617 534 733 592 vislc.
751 533 1021 591 Raccussvml).
1056 531 1244 604 111,5,a.s.

321 720 522 786 violentiam
545 718 796 784 coniunctionis
819 716 974 782 indebite
998 717 1070 782 sine
1093 717 1293 801 precedenti
1315 717 1372 782 vel
1394 737 1445 782 se·

322 810 442 894 quenti
465 807 687 873 consensione
702 806 921 891 pertulerint.
967 805 1170 872 Sacerdotes
1184 826 1266 871 vero
1280 805 1337 871 vel
1356 806 1445 870 iudi-

323 917 392 975 ces,
432 898 461 960 si
494 896 581 960 talia
615 897 860 979 cognoscentes
893 894 1014 958 ulcisci
1048 894 1195 959 fortasse
1231 894 1442 971 distulerint,

323 987 444 1070 quinas
468 985 543 1049 auri
565 985 671 1048 libras
694 983 776 1047 fisco
792 985 961 1066 cogentur
976 981 1143 1047 exolvere.
1179 981 1280 1062 Quod
1299 983 1329 1046 si
1351 983 1446 1048 forte

322 1075 359 1138 id
396 1075 603 1157 redarguere
636 1071 849 1148 voluerintss,
888 1091 952 1135 nec
991 1071 1207 1156 potuerintss,
1246 1071 1338 1154 regis
1376 1071 1446 1134 hoc

323 1162 500 1226 auditibus
538 1161 714 1224 insinuare
748 1161 950 1244 procurent;
990 1162 1045 1235 ut,
1085 1159 1177 1242 quod
1216 1179 1335 1224 eorum
1372 1179 1447 1223 non

323 1251 439 1335 potuit
467 1249 643 1314 vindicare
672 1247 858 1325 sententia,
894 1247 1094 1331 principalis
1129 1248 1270 1313 damnet
1302 1248 1447 1312 omnino

324 1359 477 1405 censura.

536 1471 591 1529 111.
621 1469 790 1527 FLAVIUS
809 1467 1123 1526 cfflmssvmncs
1141 1469 1229 1527 REX.

325 1585 385 1650 De
418 1585 527 1651 viris
565 1587 608 1650 et
641 1583 902 1648 mulieribus
940 1585 1165 1648 tonsuram
1203 1587 1246 1648 et
1279 1587 1449 1649 vestem

549 1671 785 1755 religionis
815 1671 1214 1756 prevaricantibus.

431 1777 632 1864 Apostatice
663 1776 871 1842 calamitatis
901 1776 1123 1861 obprobrium
1153 1798 1194 1842 ex
1223 1777 1290 1842 hoc
1320 1779 1448 1842 merito

324 1868 485 1933 funditus
507 1866 673 1951 extirpari
695 1864 932 1949 conponimur,
956 1885 997 1928 ex
1020 1885 1088 1948 quo
1110 1865 1225 1929 Deum
1246 1865 1347 1930 nobis
1369 1887 1448 1951 pro-

325 1957 450 2042 pitium
479 1956 592 2019 forte*
620 1953 833 2018 confidimus.
884 1953 921 2018 Si
950 1953 1042 2017 enim
1072 1974 1151 2017 cum
1180 1948 1341 2018 minimah
1369 1975 1448 2038 pec-

324 2038 423 2112 catab
451 2043 663 2127 corrigimus,
693 2043 860 2126 pietatem
890 2042 963 2106 eius
992 2041 1216 2106 fauctricemss
1243 2042 1343 2106 nobis
1373 2044 1448 2107 cffi-

325 2134 443 2210 cimus,
468 2134 597 2215 quanto
616 2131 735 2215 magis,
759 2131 788 2194 si
811 2123 957 2195 iscelns‘¹
975 2130 1012 2192 in
1031 2129 1213 2196 divinitate
1237 2132 1449 2195 conmissum

326 2221 538 2286 severissima
576 2239 717 2284 censure
751 2218 863 2282 faloe0
900 2217 1111 2282 recidimus?
1166 2219 1319 2302 Ideoque
1353 2214 1441 2284 hacf

325 2310 362 2373 in
392 2311 598 2393 perpetuum
631 2327 792 2371 mansura
825 2307 902 2390 lege
934 2307 1118 2383 sancimus,
1151 2309 1206 2384 ut,
1237 2308 1448 2391 quicumque

325 2397 501 2481 roligionis
538 2396 671 2460 abitum
708 2415 769 2481 per
802 2394 1066 2459 honorabilemss
1101 2398 1244 2460 tonsure
1278 2389 1444 2480 signumh

324 2488 388 2550 aut
416 2489 571 2570 tempore
600 2484 791 2569 penitentie
821 2483 972 2567 petendo
1001 2484 1228 2567 susceperint,
1260 2487 1321 2548 aut
1349 2478 1440 2548 noni

325 2572 564 2650 fraudulenta,
599 2573 659 2638 sed
694 2573 751 2656 pic
783 2575 966 2655 parentum
999 2571 1211 2637 oblationem
1244 2573 1446 2648 meruerint,

324 2666 389 2727 aut
411 2663 548 2747 proprie
569 2661 771 2727 volumtatis
795 2661 977 2725 devotione
998 2661 1185 2737 tenuerint,
1215 2664 1250 2725 et
1277 2661 1322 2724 ad
1345 2662 1449 2725 laica·

325 2745 416 2817 lemk
434 2743 749 2815 conversationem¹1
768 2748 987 2833 postmodum
1011 2743 1250 2832 apostiuando¹
1266 2750 1446 2827 redierint,

325 2842 424 2904 iuxta
446 2839 619 2904 sententia
634 2857 805 2902 canonum
825 2837 870 2900 ad
886 2837 1045 2901 eumdem
1063 2837 1241 2920 religionis
1260 2838 1448 2902 ordinemm

326 2927 482 3012 quolibet
510 2929 738 3010 prosequente
765 2926 1002 2990 reducantur¹²
1027 2925 1138 3001 inviti,
1167 2926 1278 3009 adque
1301 2926 1447 2990 infamie

326 3020 410 3080 nota
438 3014 585 3099 respersi
614 3017 651 3079 et
679 3014 716 3077 in
745 3013 962 3078 monasteriis
991 3014 1190 3098 perenniter
1218 3015 1366 3098 religati,
1398 3015 1448 3078 di-

327 3104 492 3169 strictiori
526 3105 745 3168 macerentur
778 3102 973 3186 penitentia
1006 3102 1211 3185 corrigendi.
1264 3103 1341 3166 Illis
1370 3106 1448 3166 tan-

325 3197 402 3256 tum
425 3191 595 3275 supplicio
618 3190 811 3256 severitatis
834 3191 937 3253 huius
960 3189 1107 3267 indulto,
1136 3211 1221 3274 quos
1249 3194 1311 3255 aut
1333 3191 1446 3256 aliene

326 3280 459 3344 fraudis
483 3279 596 3362 coegit
618 3278 779 3362 inpulsio,
808 3281 870 3342 aut
893 3279 937 3342 ad
961 3278 1091 3342 ordinis
1114 3279 1231 3343 omissi
1253 3299 1446 3362 regressum

326 3367 527 3433 volumtatis
556 3367 694 3451 proprie
723 3366 900 3430 reduxerit
928 3369 1064 3444 votum;
1096 3367 1125 3430 si
1153 3369 1272 3432 tamen
1300 3387 1363 3432 nec
1393 3368 1449 3431 vir

326 3455 512 3521 secundam
527 3474 678 3531 uxorem,
701 3474 765 3518 nec
788 3454 913 3518 mulier
935 3455 1097 3518 maritum
1120 3455 1270 3520 alterum
1284 3455 1448 3520 habuisse

327 3544 512 3627 detegitur.
558 3542 644 3607 Illos
667 3543 772 3607 etiam
796 3543 839 3606 ab
858 3543 924 3607 hac
946 3543 1174 3608 sententiam⁰
1193 3544 1351 3608 inmunes
1374 3543 1449 3607 effi-

327 3632 449 3709 cimus,
485 3630 545 3715 qui
578 3631 626 3696 sic
659 3631 892 3696 invalescente
923 3631 1066 3714 langore
1096 3631 1141 3695 ad
1169 3633 1360 3716 penitentie
1388 3631 1448 3697 vel

326 3723 467 3784 tonsure
502 3720 723 3804 pervenerint
752 3719 913 3796 ordinem,
948 3722 989 3782 ut
1017 3719 1055 3784 id
1086 3724 1147 3784 sel
1180 3740 1245 3785 nec
1275 3719 1448 3804 accepisse

326 3812 412 3872 tunc
440 3808 601 3872 noverint
629 3827 693 3872 nec
722 3808 848 3892 petisse
876 3807 1105 3871 meminerint.
1151 3807 1448 3872 Prevaricantium

327 3915 408 3961 vero
437 3895 528 3960 bona
557 3916 675 3960 eorum
704 3896 784 3960 filiis
814 3898 876 3959 aut
905 3895 1106 3980 propinquis
1139 3896 1205 3960 hac
1239 3896 1448 3961 discretione

328 3985 534 4068 pertineant,
562 3986 604 4047 ut
625 3984 678 4048 vir
700 3984 831 4048 habens
853 4004 1005 4060 uxorem,
1036 3985 1066 4048 si
1088 3984 1177 4048 filios
1201 3985 1306 4049 etiam
1329 4004 1370 4048 ex
1394 4004 1448 4048 ea·

328 4073 407 4136 dem
436 4071 573 4137 abuerit
602 4074 638 4137 et
668 4072 835 4136 donatum
863 4072 994 4155 aliquid
1018 4072 1160 4156 abipsa
1184 4073 1385 4157 perceperit,
1417 4073 1449 4135 si

434 4245 457 4292 g)
470 4243 585 4284 noluerint
598 4254 644 4292 pro
657 4254 679 4286 v.
693 4254 736 4284 nec
748 4247 795 4294 pot.
809 4244 856 4286 31.

434 4297 846 4347 111.2)ca121.s1;c00u1³a.
900 4296 1149 4346 brintanorum.
1202 4295 1448 4346 emuctrlcsmssn

327 4349 445 4389 autumn
459 4349 506 4392 Bt.
560 4347 584 4399 d)
597 4350 742 4392 seculmsst,
796 4352 818 4399 e)
831 4347 1081 4392 fslscrccsdimuslll.
1135 4349 1286 4398 nhsncfll.
1339 4351 1362 4398 g)
1376 4349 1448 4388 hono-

327 4403 399 4442 rabile
412 4403 459 4445 Rl.
539 4403 564 4452 b)
577 4403 717 4452 dguacumm
730 4403 779 4445 132.
859 4403 877 4451 i)
890 4403 947 4443 dour
960 4403 1007 4446 121.
1080 4403 1105 4452 k)
1118 4403 1198 4444 hlcsle
1212 4403 1385 4443 conversations
1398 4403 1447 4444 121.

327 4456 344 4505 l)
357 4456 390 4494 lta
404 4456 438 4494 tto
451 4459 471 4494 et
484 4456 548 4504 infra
561 4457 641 4507 Bm
656 4453 827 4506 apostatando
840 4459 887 4499 cm.
935 4455 967 4507 m)
980 4453 1100 4496 hordluem
1112 4456 1159 4500 m.
1206 4458 1230 4505 u)
1244 4453 1385 4496 deducantur
1394 4456 1448 4498 121.

327 4511 350 4558 o)
363 4510 478 4550 sententis
491 4509 537 4552 ΒΞ,
590 4512 614 4559 p)
627 4510 677 4559 ipse
690 4510 737 4553 131.
