3214 5198
337 507 391 559 318
794 501 1001 559 APPENDIX.

446 679 499 766 (3).
534 685 657 748 VIIII.
706 685 742 749 Si
772 687 848 767 quis
878 709 949 750 non
978 688 1140 751 habuerit
1168 688 1257 752 filios
1285 688 1458 770 legitimos

339 775 381 837 de
405 774 562 857 legitima
584 795 689 838 uxore
713 777 813 837 natos
837 779 872 838 et
896 775 1058 839 habuerit
1081 777 1266 854 naturales,
1299 782 1459 859 quartam

339 867 472 945 partem
511 862 714 926 hereditatis
753 884 834 926 suae
877 863 1004 927 habeat
1047 864 1223 928 licentiam
1264 865 1460 948 relinquere

339 951 565 1026 naturalibus,
598 952 626 1012 si
649 951 806 1026 voluerit,
839 953 920 1015 dum
950 973 1053 1015 sanus
1083 957 1144 1030 est,
1176 974 1237 1036 per
1262 954 1460 1018 donationis

339 1039 542 1116 chartulam,
568 1043 630 1101 aut
653 1041 801 1103 moriens
824 1062 885 1123 per
908 1045 1172 1117 testamentum3
1204 1043 1255 1104 ita
1277 1046 1404 1119 tamen,
1432 1045 1461 1106 si

339 1128 466 1190 ancilla
489 1128 534 1190 sit
558 1128 619 1190 illa
643 1128 797 1191 concuba
820 1130 935 1212 ipsius,
963 1150 1040 1193 cum
1057 1129 1136 1193 filiis
1160 1131 1230 1192 suis
1254 1134 1335 1194 ante
1351 1133 1461 1195 testes

339 1215 511 1298 legitimos
528 1217 679 1298 ingenua
695 1217 908 1293 dimittatur;
934 1219 978 1281 ad
1001 1219 1137 1281 iunctos
1156 1219 1245 1281 filios
1262 1222 1297 1283 et
1313 1223 1461 1283 matrem

338 1304 477 1367 illorum
512 1306 571 1368 det
602 1305 806 1369 hereditatis
836 1325 916 1370 suae
947 1311 1105 1388 quartam
1135 1308 1341 1390 portionem,
1378 1329 1460 1370 narn

339 1394 486 1476 amplius
517 1396 638 1475 quarte
669 1395 836 1476 portionis
867 1395 1083 1458 naturalibus
1121 1395 1202 1458 dare
1232 1417 1302 1458 non
1332 1399 1459 1478 potest.

340 1480 439 1558 Quod
464 1483 492 1543 si
516 1482 604 1545 filios
629 1483 671 1546 de
695 1482 851 1564 legitima
873 1504 978 1546 uxore
1002 1483 1173 1559 habuerit,
1203 1483 1403 1547 nullatenus
1428 1486 1461 1548 ei

338 1571 531 1652 relinquere
562 1571 666 1634 liceat
689 1571 906 1634 naturalibus
930 1572 1010 1634 filiis
1034 1573 1100 1634 nisi
1124 1573 1363 1636 duodecimam
1386 1595 1460 1655 par-

338 1662 425 1734 tem;
458 1659 618 1722 undecim
648 1658 800 1741 reliquae
831 1664 946 1743 partes
979 1661 1023 1723 ad
1054 1662 1227 1743 legitimos
1256 1665 1461 1724 remaneant

338 1747 437 1810 filios.
496 1748 533 1810 si
566 1769 647 1810 vero
681 1751 779 1830 pater
813 1750 961 1812 moriens
1001 1770 1071 1812 non
1108 1749 1287 1831 reliquerit
1327 1749 1461 1830 aliquid

338 1836 555 1898 naturalibus
580 1837 668 1910 filiis,
698 1836 840 1918 ingenui
864 1837 933 1899 sint
957 1838 1021 1900 sivi
1045 1838 1216 1914 contenti;
1249 1841 1284 1901 et
1307 1859 1377 1900 non
1401 1859 1460 1902 eos

338 1927 524 1988 11111111ίι
553 1926 596 1988 ad
620 1925 798 1988 servitium
821 1925 969 2008 legitimi
993 1926 1066 1988 filii.

446 2007 499 2094 (4).
534 2014 577 2074 Χ.
617 2013 752 2095 siquis
776 2014 879 2076 iudex
901 2013 1081 2078 voluntate
1110 2035 1172 2076 sua
1195 2014 1400 2078 iudicaverit
1425 2019 1460 2078 et

339 2101 491 2163 edictum
507 2105 739 2182 transgressus
758 2101 865 2165 fuerit
889 2105 1028 2186 propter
1044 2103 1225 2186 pecuniam
1250 2107 1285 2166 et
1308 2103 1459 2185 aliquem

338 2189 612 2272 preiudicaverit
638 2191 785 2252 nonsit.
823 2189 923 2267 Quod
947 2192 975 2253 si
999 2211 1137 2254 causam
1159 2192 1269 2274 ipsam
1292 2213 1362 2253 non
1386 2213 1458 2274 pre-

338 2277 543 2341 iudicaverit
566 2278 790 2355 voluntariae,
823 2279 906 2341 satis
928 2280 1114 2343 reducatur
1138 2280 1327 2343 secundum
1352 2281 1457 2344 edicti

338 2386 469 2429 serrem.

445 2450 497 2536 (5).
533 2455 597 2517 XI.
634 2455 670 2518 Si
694 2458 769 2537 quis
793 2457 897 2521 iudex
920 2457 1052 2520 miserit
1067 2456 1230 2519 nuntium
1247 2457 1291 2518 ad
1307 2455 1456 2538 aliquem

337 2544 497 2606 veniendi
527 2545 571 2607 ad
601 2543 776 2620 iudicium,
809 2548 845 2608 et
875 2545 918 2608 ad
949 2565 1050 2626 quern
1078 2545 1210 2608 miserit
1237 2545 1353 2608 venire
1383 2566 1457 2608 con·

337 2633 516 2714 tempserit
547 2632 652 2696 semel
683 2636 718 2696 et
748 2633 807 2709 bis,
841 2637 876 2696 et
905 2635 934 2696 si
963 2634 1067 2697 tertio
1098 2634 1143 2695 ad
1172 2633 1296 2696 iudicis
1326 2634 1457 2696 iussum

1575 593 1581 768 1

1576 825 1581 1060 l

1575 1131 1581 1356 1

1577 1433 1581 1636 1

1578 2033 1581 2170 l

336 2741 407 2782 non
437 2721 569 2784 venerit
605 2722 648 2784 ad
678 2722 858 2796 iudicium,
894 2722 1017 2805 perdat
1052 2742 1191 2784 causam
1225 2724 1261 2784 et
1294 2723 1457 2786 restituat
1579 2781 1581 2808 ξ

337 2803 510 2871 debitorib
544 2830 605 2872 suo
636 2811 728 2890 quod
758 2811 789 2873 ei
820 2811 944 2873 debere
975 2811 1178 2874 constiterit.
1230 2809 1276 2872 Iit
1307 2810 1336 2872 si
1364 2811 1456 2875 forte
1579 2827 1581 2896 g

336 2917 496 2980 praesens
519 2898 721 2973 1111111111,
746 2899 883 2980 quando
904 2899 1027 2961 iudicis
1043 2899 1239 2981 praeceptio
1256 2900 1300 2962 ad
1317 2901 1456 2961 domurn

336 2986 443 3067 ipsius
466 2987 608 3062 venerit,
634 2990 695 3048 aut
718 2987 900 3049 infirmitas
924 2986 1024 3049 illurn
1046 2987 1246 3063 tardaverit,
1276 2991 1337 3049 aut
1360 2988 1456 3050 forsi-

335 3077 397 3135 tan
421 3075 1029 3159 1111111111111111110111111111,
1054 3075 1083 3138 si
1107 3075 1149 3138 de
1173 3075 1227 3137 his
1250 3076 1363 3139 tribus
1386 3097 1456 3138 una

336 3163 516 3244 occupatio
539 3163 647 3225 fuerit
670 3183 875 3245 supereum,
900 3185 970 3226 non
986 3163 1198 3227 molestetur.
1245 3163 1291 3225 Et
1315 3165 1344 3226 si
1367 3168 1455 3247 post·
1580 3171 1581 3232 i

335 3251 475 3314 modum
495 3252 638 3326 venerit,
662 3252 826 3314 restituat
850 3251 1005 3315 debiturn
1029 3272 1129 3314 suum
1153 3253 1342 3316 secundum
1365 3253 1454 3336 regis

336 3340 497 3402 edictum.

442 3424 494 3508 (6).
526 3427 610 3490 ΧΙΙ.
645 3426 712 3504 Qui
729 3428 772 3490 ad
788 3428 955 3491 iudicium
971 3428 1162 3491 indicatum
1178 3449 1248 3491 non
1263 3429 1454 3493 reddiderit

335 3516 491 3579 debitum
515 3519 550 3580 et
573 3517 817 3598 contempserit
840 3517 877 3578 in
898 3517 1031 3579 duobus
1047 3517 1231 3594 mensibus,
1255 3517 1454 3600 interpellet

333 3605 485 3668 creditor
514 3624 630 3687 regern
661 3607 722 3666 aut
752 3605 914 3679 iudicem,
946 3605 1006 3686 qui
1035 3605 1251 3668 transmittat
1279 3607 1454 3688 sagionem

335 3713 413 3754 cum
442 3694 525 3774 ipso,
558 3697 593 3757 et
622 3693 726 3755 tollat
756 3693 850 3775 sagio
881 3692 940 3756 ille
972 3693 1014 3756 de
1042 3692 1237 3755 substantia
1260 3694 1332 3757 eius
1362 3695 1453 3776 quod

333 3781 447 3862 ipsum
471 3781 627 3843 debitum
654 3781 762 3863 possit
785 3781 908 3857 valere,
938 3783 1105 3863 quantum
1135 3782 1296 3844 creditori
1320 3803 1382 3845 suo
1405 3803 1453 3846 re-

332 3869 477 3931 stituere
508 3869 619 3931 iussus
649 3869 779 3946 fuerat,
812 3873 847 3932 et
876 3870 999 3932 reddat
1030 3869 1201 3932 creditori.
1248 3869 1294 3932 Et
1324 3870 1453 3934 habeat

334 3956 483 4018 creditor
510 3956 570 4019 ille
598 3958 779 4040 pecuniam
808 3957 900 4040 apud
924 3979 968 4033 se,
993 3977 1101 4039 usque
1125 3958 1208 4020 dum
1231 3959 1398 4022 reddatur
1421 3960 1452 4022 ei

331 4044 490 4108 debitum
514 4065 622 4121 suum,
648 4047 740 4127 quod
764 4046 796 4110 ei
818 4044 874 4109 lex
896 4046 994 4109 reddi
1018 4046 1181 4129 precepit.

441 4129 493 4213 (7).
529 4132 633 4194 XIII.
670 4133 706 4196 si
729 4134 804 4215 quis
829 4154 966 4196 causam
989 4134 1097 4197 habet
1120 4154 1199 4196 curn
1216 4134 1284 4197 alio
1301 4135 1449 4210 homine,

333 4221 422 4284 sicut
445 4222 600 4304 superius
625 4223 790 4304 scriptum
814 4225 875 4298 est,
903 4222 947 4285 ad
969 4241 1086 4304 regern
1109 4223 1299 4305 proclamet
1322 4226 1384 4286 aut
1407 4223 1450 4286 ad

330 4309 490 4387 iudicem,
516 4330 618 4392 quern
633 4331 692 4373 rex
708 4310 899 4372 constituit.
940 4308 1041 4386 Quod
1064 4310 1101 4387 si,
1127 4312 1326 4393 priusquam
1349 4310 1449 4375 inter-

326 4484 354 4528 a)
367 4485 460 4521 revocet
473 4492 490 4524 c.
545 4481 567 4530 b)
582 4478 689 4520 creditori
703 4481 822 4532 emendarit
836 4481 907 4526 daed.
