3198 5202
291 516 345 568 284
496 512 573 566 LEX
593 513 705 568 VISIG.
726 513 994 570 RECOESSVIND.
1032 514 1067 580 X,
1087 519 1204 583 2‚1-4.

366 694 415 756 II.
451 695 504 758 Ne
528 695 699 778 mancipia
719 697 869 778 fugitiva
892 700 969 780 post
985 707 1009 762 L
1025 717 1133 761 annos
1150 699 1194 761 ad
1210 699 1410 762 servitium⁰

452 786 665 848 revocentur.

346 871 416 933 III.
453 871 501 934 Ut
524 892 642 936 omnes
666 892 767 936 cause
790 868 1021 937 tricenniums
1049 875 1311 939 concludantur.

326 959 416 1022 IIII.
452 960 501 1022 Ut
524 961 701 1044 exceptisg
728 962 901 1025 fiscalibus
929 964 1033 1027 servis
1061 964 1253 1028 tricennale
1276 968 1416 1048 tempus

451 1049 585 1112 valeat⁰
614 1049 650 1112 in
674 1051 833 1113 omnibus
858 1051 978 1116 causis.

375 1137 415 1200 V.
452 1137 504 1201 De
528 1139 780 1221 interruptione
803 1139 975 1203 tricennii.

354 1225 415 1288 VI.
451 1225 504 1290 Ne
527 1227 718 1291 tricennale
742 1229 878 1311 tempus
902 1229 1059 1311 inpediat
1082 1229 1247 1312 religatis.

719 1379 741 1436 1.
772 1379 984 1450 ANTIQUAa.

314 1491 374 1555 Ne
405 1495 502 1575 post
532 1503 555 1558 L
584 1513 718 1555 annos
749 1496 890 1557 sortes
920 1492 1075 1558 Goticc
1105 1495 1173 1558 vel
1203 1495 1391 1560 Romane

602 1581 789 1664 amplius
819 1585 1091 1665 repetantur.

124 1711 282 1752 assurin.
400 1686 515 1751 Sortes
553 1685 675 1751 Gotice
715 1692 750 1752 et
788 1690 894 1753 tertia
927 1689 1174 1766 Romanorum,
1215 1711 1281 1772 que
1321 1691 1416 1754 intra

292 1786 316 1840 L
337 1796 444 1838 annos
468 1797 538 1838 non
561 1775 694 1839 luerint
716 1780 884 1853 revocate,
909 1777 1007 1841 nullo
1031 1779 1131 1842 modo
1154 1781 1367 1862 repetantur.

710 1929 748 1986 n.
780 1929 995 1999 eumcum.
1057 1941 1062 1950 ·

292 2040 352 2103 Ne
383 2042 600 2125 mancipia
630 2042 827 2124 fugitiva
857 2046 954 2126 post
984 2055 1008 2108 L
1037 2063 1171 2108 annos
1202 2045 1252 2107 ad
1283 2045 1414 2107 servi·

645 2131 754 2193 tium
784 2135 1057 2195 revocentur.

136 2259 282 2301 rounam..
399 2235 573 2320 Mancipia
598 2237 757 2320 fugitiva,
789 2258 855 2320 que
885 2231 1001 2301 intrab
1030 2237 1282 2321 quinquaginta
1305 2259 1413 2302 annos

292 2325 434 2388 inventa
463 2346 531 2388 non
561 2326 703 2402 fuerint,
735 2347 805 2389 non
835 2326 939 2390 liceat
969 2327 1013 2390 ad
1042 2328 1219 2390 servitium
1241 2347 1412 2392 revocare.

701 2477 755 2534 111.
787 2478 999 2549 ANTIQUAa.

293 2591 349 2654 Ut
384 2610 527 2655 omnes
562 2585 714 2655 causeb
748 2592 1017 2656 tricennium
1048 2586 1412 2656 concludanturb.

138 2721 283 2762 aaran.
401 2697 549 2762 Omnes¹
580 2718 707 2775 causas,
740 2718 800 2762 seu
831 2699 938 2762 bonas
968 2699 1037 2763 sive
1068 2698 1185 2774 malas,
1218 2702 1279 2762 aut
1307 2700 1413 2762 etiam

293 2786 496 2862 criminales
528 2807 594 2869 que
624 2787 734 2850 infrac
764 2799 847 2852 XXX
871 2808 978 2851 annos
1007 2787 1148 2851 definite
1176 2808 1246 2849 non
1269 2787 1411 2864 fuerint,

291 2875 347 2939 vel
363 2875 543 2958 mancipia,
568 2896 634 2958 que
653 2876 690 2936 in
707 2877 927 2940 contentione
944 2877 1055 2959 posita
1070 2875 1211 2939 fuerant
1234 2879 1295 2938 aut
1320 2879 1411 2953 sunt,
1441 2905 1471 2943 a.

293 2964 321 3026 si
345 2963 488 3027 definita
512 2965 622 3046 adque
646 2968 768 3027 exacta
797 2985 866 3027 non
895 2963 1038 3040 fuerint,
1069 2963 1167 3028 nullo
1192 2965 1293 3028 modo
1320 2985 1412 3048 repe-

292 3055 422 3114 tantur.
470 3052 506 3115 si
533 3053 608 3135 quis
637 3056 752 3116 autem
781 3056 859 3137 post
883 3054 975 3116 hunc
998 3064 1082 3118 XXX
1105 3073 1272 3117 annorum
1297 3074 1412 3117 nume-

292 3162 368 3203 rum
392 3162 529 3204 causam
545 3162 679 3205 movere
695 3143 903 3218 temtaverit,
929 3136 1001 3205 ste‘1
1021 3161 1183 3205 numerus
1208 3142 1239 3205 ei
1261 3141 1410 3217 resistat,

293 3233 327 3293 et
350 3230 474 3293 libram
499 3230 574 3293 auri
595 3231 651 3293 cui
673 3250 732 3293 rex
756 3231 894 3294 iusserit
918 3233 1057 3294 coactus
1082 3230 1227 3293 exolvat.

380 3401 450 3456 IIII.
481 3400 648 3456 FLAVIUS
668 3399 881 3456 GLORIOSUS
900 3399 1208 3456 REOOESSVINDUS
1226 3399 1313 3457 REX.

336 3513 392 3576 Ut
422 3514 643 3596 exceptisa
675 3513 912 3576 fiscalibus
948 3513 1085 3577 servis
1115 3512 1366 3577 tricennale

442 3605 612 3685 tempus
636 3603 783 3668 valeat
811 3602 855 3663 in
878 3602 1076 3665 omnibus
1105 3601 1257 3665 causis.

399 3707 485 3790 Sepe
499 3709 714 3791 conpetentis
730 3708 886 3772 indebita
898 3701 1083 3772 resolutiob
1095 3707 1179 3770 iuris
1193 3707 1405 3771 evaniscere⁰

291 3797 377 3860 facit
405 3799 535 3859 statum
557 3797 647 3860 iuste
671 3797 901 3880 possessionis,
933 3791 993 3860 etd
1025 3798 1117 3878 quod
1147 3796 1246 3858 nulla
1275 3797 1410 3878 generis

398 3971 419 4016 e)
433 3969 517 4018 reliqua
531 3969 630 4007 rubricae
640 3980 698 4017 pars
712 3969 768 4007 deest
782 3970 802 4006 R
812 3970 830 4011 2.
884 3969 948 4016 nito
960 3969 1010 4019 1313
1027 3969 1133 4009 tricennll
1146 3970 1166 4007 X
1176 3969 1196 4016 2,
1212 3968 1248 4006 ubi
1263 3968 1333 4009 concl.
1347 3969 1409 4009 deest.

290 4025 312 4071 g)
327 4027 421 4070 excepto
436 4022 484 4063 122.

397 4077 414 4116 1.
456 4078 477 4122 a)
491 4077 548 4114 deest
562 4075 610 4116 122.

397 4130 426 4170 11.
468 4129 622 4176 maeatas.
676 4129 833 4176 b)infraR1.

290 4233 305 4273 d
397 4183 439 4224 ΙΙΙ.
479 4185 501 4229 a)
515 4183 571 4220 deest
585 4182 633 4222 122.
709 4182 731 4229 b)
746 4193 824 4220 causus
840 4182 955 4222 ericennio
970 4179 1119 4221 concludatur
1132 4181 1181 4224 122.
1251 4184 1271 4229 c)
1285 4182 1346 4221 intra
1360 4181 1408 4223 122.

328 4235 371 4274 iste
385 4237 433 4277 122.

307 4235 314 4286 >
397 4289 451 4329 1111.
492 4291 513 4335 a)
528 4291 622 4335 excepto
637 4288 686 4329 ΒΞ.
740 4287 762 4334 b)
777 4289 911 4330 rstiocr.
966 4290 986 4335 e)
1001 4299 1137 4328 evanescere
1152 4288 1200 4331 Μ.
1255 4286 1278 4335 d)
1292 4289 1408 4330 deestRl.

291 4414 319 4479 1)
341 4413 382 4476 Cf.
406 4429 462 4463 curn
484 4412 533 4462 huc
552 4412 605 4475 lece
623 4418 646 4462 et
664 4413 828 4476 acescentibus
846 4413 878 4463 L.
899 4413 973 4466 Rom.
993 4413 1047 4467 Vis.
1068 4413 1130 4466 Noc.
1152 4413 1210 4466 Val.
1230 4412 1285 4466 III.
1311 4415 1335 4466 8.
1357 4413 1408 4473 12;

289 4485 322 4538 L.
341 4485 427 4547 Bury.
443 4485 494 4544 79,·
512 4482 543 4536 L.
564 4483 640 4535 Rom.
660 4483 744 4547 Bury.
764 4485 807 4536 31.
