3264 5206
319 562 397 618 LEX
415 561 531 619 VISIG.
549 561 817 620 REOOESSWND.
855 563 907 632 vl,
927 569 950 634 1,
965 569 995 632 ῖς
1021 570 1136 635 2,1.2.
1236 571 1287 624 181

167 766 229 810 nec
254 745 399 810 maritus
422 767 484 830 pro
507 741 682 823 uxoremst,
713 766 777 811 nec
800 747 909 812 frater
932 768 994 831 pro
1017 748 1194 827 fratrem⁸‚
1223 770 1287 815 nec

166 835 299 898 vicinus
323 855 384 918 pro
400 835 523 911 vicino,
547 855 611 899 nec
634 835 818 918 propincus
839 856 901 920 pro
917 830 1103 920 propinoof
1129 837 1285 902 nullamg

167 923 376 987 calumniam
406 923 643 1006 pertimescat3
674 924 733 988 sed
763 923 824 988 ille
854 924 946 988 solus
974 925 1147 990 iudicetur
1174 926 1287 1010 culpa-

166 1011 254 1087 vilis,
285 1011 344 1095 qui
375 1010 549 1094 culpanda
579 1012 764 1088 comittit,
796 1016 832 1076 et
860 1013 989 1077 crimen
1019 1033 1098 1077 cum
1124 1013 1197 1090 illo,
1229 1016 1287 1098 qui

166 1092 290 1177 fecith,
315 1101 483 1164 moriatur
493 1099 514 1160 ¹.
553 1098 626 1164 Nec
643 1119 853 1165 successores
870 1105 931 1165 aut
947 1102 1090 1167 heredes
1106 1124 1167 1187 pro
1183 1103 1286 1167 factis

167 1192 350 1272 parentum
371 1180 502 1251 ullumi
533 1187 725 1272 periculum
748 1190 1002 1272 pertimescant.

166 1418 215 1480 ΙΙ.
228 1417 440 1482 TITULUS:
467 1417 529 1480 Da
549 1417 804 1482 MALEFIOIS
824 1419 881 1482 ET
902 1418 1285 1484 CONSULENTIBUS

446 1521 532 1589 nos
556 1523 717 1602 ADQUE
741 1525 1001 1590 VENEFIOIS.

259 1630 288 1692 Ι.
324 1629 362 1693 Si
384 1630 555 1714 ingenuus
579 1631 622 1694 de
646 1630 758 1695 salute
781 1631 836 1696 vel
859 1635 970 1697 morte
998 1633 1147 1698 hominis
1169 1635 1285 1698 vatici·

324 1722 463 1782 natores
487 1717 654 1782 consulat.

238 1807 288 1870 II.
324 1807 378 1871 De
401 1807 571 1872 veneficis.

218 1896 289 1959 III.
325 1895 378 1960 De
402 1895 567 1960 maleficis
591 1899 626 1959 et
650 1895 911 1961 consulentibus
935 1917 1002 1962 eos.

198 1983 289 2047 IIII.
325 1983 379 2048 De
409 1985 477 2062 his,
514 1984 573 2067 qui
607 1984 643 2046 in
674 1984 870 2048 hominibus
901 1989 962 2049 aut
993 1986 1200 2051 animalibus
1229 1987 1285 2051 vel

324 2073 595 2156 quibuscumque
632 2072 734 2136 rebus
769 2072 1057 2157 qualiacumque⁸
1095 2075 1286 2159 ligamenta

325 2164 387 2224 aut
402 2162 641 2244 quodcumque
666 2162 877 2225 contrarium
892 2162 1014 2227 fecisse
1030 2165 1283 2248 repperiuntur.

392 2313 416 2371 I.
446 2313 614 2370 FLAVIUS
634 2313 947 2370 OHINDASVINDUS
965 2314 1052 2372 REX.

214 2409 257 2472 si
285 2409 502 2492 ingenuus
531 2409 580 2473 de
609 2409 754 2474 salute
782 2409 851 2473 vel
878 2413 1015 2474 morte
1043 2411 1232 2475 hominis

436 2497 760 2562 vaticinatores
791 2498 1005 2562 consulat.

1293 2599 1434 2640 Lssomffi'o.

270 2614 325 2684 Qui
348 2615 382 2669 de
405 2615 492 2669 solute
515 2603 570 2668 vel
594 2608 703 2668 morte
725 2616 856 2686 principis
878 2604 934 2668 vel
958 2605 1202 2688 cuiuscumque
1226 2607 1283 2670 ho·
1292 2651 1414 2690 pamm
1427 2653 1451 2692 3.

164 2693 265 2755 minis
289 2704 396 2770 amalos,
420 2704 556 2773 aruspices
576 2691 631 2756 vel
649 2705 841 2759 vaticinatores
861 2705 985 2773 consulit,
1007 2721 1062 2758 uno
1080 2723 1143 2758 cum
1161 2705 1212 2772 his,
1236 2680 1450 2797 quiffl1230s217'1s

164 2792 355 2862 responderint
379 2780 648 2857 consulentibus,
675 2782 818 2865 ingenui
846 2781 1015 2864 siquidem
1042 2781 1189 2864 flagellis
1213 2784 1282 2846 cesi
1290 2785 1402 2860 ..aar

166 2889 242 2932 oum
264 2869 367 2933 rebus
387 2869 545 2933 omnibus
561 2870 643 2933 fisco
660 2870 819 2934 servituri
835 2869 1063 2947 adsociantnr,
1088 2873 1150 2933 ant
1166 2891 1187 2934 a
1201 2890 1281 2954 rege

165 2957 220 3020 cui
249 2958 387 3021 iusserit
417 2957 536 3021 donati
565 2962 732 3042 perpetuo
756 2958 894 3022 servitio
919 2958 1135 3022 addicantur.
1183 2957 1283 3038 Quod

164 3046 192 3109 si
222 3050 257 3110 et
287 3046 350 3109 filii
380 3066 499 3110 eorum
527 3046 593 3110 tali
621 3046 754 3110 fuerint
783 3045 985 3131 parentibus
1017 3047 1159 3111 crimine
1189 3048 1281 3122 socii,

164 3134 289 3198 similia
309 3134 530 3198 damnatione
550 3134 758 3217 plectantur.
798 3135 930 3198 sivero
947 3135 989 3199 ab
1006 3134 1148 3199 iscelere
1164 3155 1283 3219 paren-

163 3225 238 3285 tum
261 3222 458 3287 habeantur
473 3224 636 3300 extranei,
662 3227 698 3286 et
722 3223 929 3306 dignitatem
953 3226 989 3287 et
1011 3243 1126 3287 rerum
1146 3243 1283 3288 omnem

163 3312 419 3393 possessionem,
449 3332 552 3394 quam
576 3315 736 3395 parentes
760 3305 976 3388 amiserintb,
1006 3311 1203 3394 plenissime
1227 3312 1282 3376 ob-

162 3399 336 3462 tinebunt.
367 3399 462 3464 Servi
477 3419 557 3463 vero
575 3400 708 3464 diverso
724 3419 848 3483 genere
864 3403 1135 3464 tormentorum⁰
1152 3400 1283 3464 adflicti

163 3488 198 3549 in
213 3488 452 3552 transmarinis
468 3489 624 3571 partibus
640 3488 873 3553 transferendi
886 3489 1092 3565 vendantur,
1105 3491 1147 3550 ut
1163 3490 1282 3552 severi-

162 3580 214 3639 tas
238 3577 391 3640 vindicte
419 3597 488 3640 non
511 3576 640 3640 habeat
664 3580 852 3652 excusatos,
882 3597 966 3659 quos
995 3577 1131 3660 proprie
1154 3576 1281 3640 volum·

162 3665 245 3728 tatis
270 3684 425 3729 excessus
449 3665 580 3728 nefarie
604 3665 885 3749 prevaricationis
908 3665 996 3728 facit
1019 3660 1225 3728 obnoxiusl.

380 3817 419 3874 Π.
450 3817 619 3872 FLAVIUS
638 3816 952 3872 OHINDASVINDUS
971 3816 1058 3873 REX.

563 3913 623 3977 De
651 3912 878 3976 veneficis.

269 4017 491 4082 Diversorum
519 4019 701 4082 criminum
730 4018 825 4082 noxii
853 4018 986 4082 diverso
1010 4020 1091 4081 sunt
1114 4037 1282 4100 penarum

161 4125 285 4186 genere
305 4106 463 4170 feriendi.
502 4107 580 4170 Hac
596 4107 744 4191 primum
767 4107 935 4190 ingenuos
960 4107 1030 4170 sive
1054 4125 1167 4169 servos
1183 4124 1279 4170 vene·

267 4258 290 4308 d)
308 4271 380 4300 uxore
398 4261 447 4302 Ra.
528 4260 549 4312 e)
567 4261 638 4300 fratre
657 4261 705 4301 Ra.
790 4260 808 4311 f)
827 4261 954 4310 propinquo
973 4261 1019 4303 121.
1105 4261 1127 4308 g)
1147 4259 1215 4298 ullam
1233 4259 1281 4300 Ru.

161 4313 184 4360 h)
197 4313 285 4353 fecerat
297 4315 346 4356 122.
401 4315 417 4362 i)
431 4315 517 4353 nullum
531 4315 579 4356 122.

266 4367 324 4409 ΤΙΤ.
338 4368 368 4409 ΙΙ.
409 4369 431 4414 a)
446 4367 603 4417 qualicumque
618 4368 638 4405 R
648 4367 669 4417 2;
687 4378 748 4416 q.ff-
762 4367 923 4416 ropperluntur
936 4367 979 4409 des.
995 4367 1042 4410 121.

266 4421 284 4462 1.
319 4423 341 4470 a)
356 4420 429 4460 simile
443 4421 489 4464 Rl.
539 4421 562 4468 b)
576 4419 709 4460 admiserint
723 4420 769 4462 131.
817 4422 838 4467 c)
852 4430 961 4469 penarum
975 4420 1024 4462 122.
1071 4417 1281 4466 d)obncxios1?2.

162 4527 186 4592 1)
200 4528 229 4581 V.
244 4527 314 4583 111.
327 4527 390 4592 Dap.
401 4525 536 4592 XLVIII,
547 4527 577 4580 4:
591 4523 760 4594 extinguitur
770 4524 873 4578 crimen
882 4522 1063 4588 mortalitate3
1076 4525 1111 4586 cf.
1126 4523 1143 4577 l.
1154 4525 1197 4576 20.
1211 4528 1228 4575 t.
1238 4522 1279 4575 19.
