3264 5206
341 535 393 589 aa
542 529 620 584 nux
639 527 755 586 vrsro.
773 527 1043 586 nnooussvnsn.
1080 529 1132 598 vr,
1152 535 1176 600 1,
1194 535 1221 587 e.
1239 534 1265 587 4.
1291 529 1296 538 ·

341 712 504 778 adulterii
514 710 535 788 ¹,
567 715 629 776 aut
659 711 687 776 si
718 715 839 776 contra
868 731 1026 795 regnum,
1060 716 1201 796 gentem
1228 713 1284 778 vel
1313 714 1462 798 patriam

341 802 472 885 aliquid
495 801 628 865 dictum
650 800 707 865 vel
730 801 936 884 dispositum
961 800 1079 877 fuerit,
1108 821 1169 866 seu
1195 801 1321 866 falsam
1348 822 1460 867 mone·

340 895 413 954 tam
436 890 581 972 quisque
605 889 784 953 confixerit
792 889 814 966 ²,
846 893 907 953 aut
934 889 1041 955 etiam
1064 889 1093 954 si
1117 909 1255 954 causam
1283 891 1461 956 homicidii

340 978 396 1043 vel
425 977 587 1043 maleficii
616 978 845 1060 querendnm⁰
874 997 948 1042 esse
979 978 1191 1056 constiterit;
1222 979 1273 1042 ita
1302 982 1344 1043 ut
1373 980 1462 1044 servi

340 1068 397 1132 vel
427 1066 553 1130 ancille
588 1087 650 1150 pro
679 1064 810 1130 talibus
844 1066 1045 1130 criminibus
1074 1067 1174 1143 torti,
1209 1067 1239 1131 si
1269 1068 1397 1131 conscii
1426 1073 1462 1132 et

286 1213 288 1219 ,
341 1154 571 1220 occultatores
610 1153 747 1220 sceleris
787 1155 1004 1218 dominorum
1039 1156 1292 1240 repperiuntur,
1333 1157 1461 1238 pariter

342 1265 420 1308 cum
451 1243 598 1308 dominis
627 1243 827 1327 puniantur.
875 1241 976 1307 Certe
1004 1244 1034 1307 si
1057 1263 1119 1307 sua
1146 1239 1304 1328 isponte‘1
1330 1245 1461 1308 indices
1505 1298 1511 1309 .

341 1332 497 1396 veritatis
527 1332 716 1408 extiterint,
748 1331 900 1395 sufficiat
931 1332 988 1409 eis,
1020 1332 1113 1414 quod
1140 1353 1202 1416 pro
1228 1333 1386 1396 veritatis
1413 1333 1461 1396 in·

342 1421 468 1504 dagine
495 1420 668 1502 questioni
695 1419 826 1484 subditi
853 1423 1028 1484 tormenta
1050 1420 1267 1505 pertulerint,
1300 1441 1321 1484 a
1342 1422 1462 1485 mortis

342 1513 460 1572 tamen
482 1507 655 1593 periculo⁰
684 1507 879 1572 habeantur
901 1508 1071 1573 inmunes.
1118 1507 1243 1573 Servus
1267 1513 1384 1574 autem
1407 1509 1462 1574 vel

343 1597 472 1662 aneilla
494 1598 529 1660 in
546 1597 729 1661 tormentis
752 1597 856 1680 positi
880 1601 916 1661 et
939 1597 983 1661 de
1006 1617 1042 1661 se
1066 1597 1280 1679 interrogati,
1305 1598 1335 1661 si
1358 1599 1462 1662 etiam

344 1686 386 1749 de
410 1686 557 1750 dominis
581 1686 652 1749 sint
675 1685 833 1763 confessi,
864 1689 900 1750 et
928 1685 1036 1750 fuerit
1064 1686 1167 1770 culpa
1188 1685 1345 1750 mortalis
1373 1679 1459 1750 hacf

344 1773 527 1838 declaratis
556 1773 663 1856 signis
691 1774 845 1858 potuerit
872 1773 1065 1857 adprobari,
1093 1775 1215 1838 eadem
1242 1775 1363 1838 mortis
1389 1795 1462 1839 een·

344 1883 423 1926 sura
438 1862 640 1939 multentur,
661 1867 786 1944 quam⁸
805 1881 923 1926 eorum
939 1863 1069 1926 domini
1084 1862 1215 1927 fuerint
1232 1863 1462 1928 condemnati.

547 2031 617 2088 ΠΠ.
648 2030 817 2088 FLAVIUS
836 2031 1150 2089 OHINDASVINDUS
1168 2032 1256 2088 Rnx,

388 2144 469 2208 Pro
499 2146 678 2227 quantis
708 2145 837 2209 rebus
867 2150 910 2209 et
940 2144 1138 2229 qualiter
1166 2165 1317 2210 servus
1345 2151 1420 2209 aut

542 2231 733 2298 libertus
762 2237 985 2298 tormenta
1014 2234 1265 2318 portabunt.

452 2337 489 2403 Si
519 2359 635 2404 servus
663 2341 700 2403 in
724 2339 840 2423 aliquo
870 2339 1011 2403 crimine
1042 2344 1230 2416 accusetur,
1261 2344 1365 2404 antea
1395 2360 1465 2404 non

344 2431 557 2510 torqueatur,
592 2448 696 2510 quam
729 2427 804 2505 ille,
840 2427 900 2510 qui
935 2432 1089 2507 accusat,
1126 2448 1164 2492 ac
1198 2448 1233 2493 se
1264 2429 1464 2492 condicione

347 2516 576 2599 constringat,
611 2520 666 2594 ut,
702 2517 731 2580 si
765 2517 929 2580 innocens
963 2519 1138 2581 tormenta
1171 2515 1367 2600 pertulerit,
1404 2537 1464 2601 pro

347 2625 396 2682 eo,
425 2605 517 2687 quod
545 2605 767 2669 innocentem
794 2606 831 2667 in
854 2605 1036 2669 tormentis
1063 2604 1219 2681 tradidit,
1249 2605 1356 2668 alium
1380 2605 1464 2669 eius-

347 2694 426 2758 dem
448 2694 563 2757 meriti
586 2712 721 2758 servum
745 2692 884 2757 domino
913 2693 1101 2759 reformare
1125 2696 1279 2776 cogatur.
1326 2691 1362 2756 Si
1385 2713 1465 2774 vero

346 2782 510 2846 innocens
544 2783 582 2844 in
614 2781 796 2846 tormentis
831 2785 988 2845 mortuus
1020 2780 1076 2845 vel
1110 2781 1313 2845 debilitatus
1347 2777 1464 2857 fuerit,

347 2870 433 2934 duos
461 2868 593 2952 equalis
620 2870 736 2935 meriti
763 2890 877 2934 servos
906 2890 984 2933 oum
1012 2870 1133 2935 eodem
1161 2871 1299 2934 domino
1322 2870 1465 2934 reddere

346 2979 417 3022 non
446 2961 609 3035 moretur,
640 2962 675 3022 et
705 2957 775 3034 ille,
807 2958 867 3040 qui
897 2957 1100 3022 debilitatus
1130 2961 1196 3034 est,
1227 2959 1399 3041 ingenuus
1429 2959 1466 3022 in

347 3048 538 3130 patrocinio
573 3046 704 3136 domini
733 3047 787 3110 sui
816 3050 1033 3130 permaneat;
1069 3067 1150 3109 nam
1184 3049 1220 3110 et
1254 3045 1371 3123 iudex,
1408 3036 1464 3129 qui

346 3138 679 3218 temperamentuma
703 3136 740 3198 in
761 3138 956 3199 tormentoa
979 3155 1050 3199 non
1071 3135 1187 3198 tenuit
1211 3136 1320 3198 etita
1345 3135 1466 3198 discre-

346 3224 478 3287 tionem
501 3222 588 3304 legis
612 3224 765 3301 excessit,
794 3226 836 3286 ut
858 3224 922 3299 his,
952 3224 1011 3306 qui
1034 3224 1273 3307 questionatus
1296 3226 1358 3298 est,
1382 3244 1467 3287 mor·

346 3314 419 3375 tem
434 3311 624 3375 violentam
639 3312 840 3388 incurreret,
865 3311 1017 3376 eiusdem
1040 3312 1155 3376 meriti
1175 3330 1312 3375 servum
1327 3312 1467 3375 domino

347 3420 427 3462 mox
459 3398 634 3463 reformet.
681 3398 818 3466 Verum.
839 3402 881 3462 ut
911 3400 954 3463 de
984 3419 1158 3465 servorum
1192 3400 1324 3464 meritis
1357 3401 1467 3463 omnis

349 3487 556 3569 ambiguitas
584 3492 694 3551 cesset
722 3488 964 3565 contentioniS,
992 3509 1063 3552 non
1090 3480 1171 3572 prob
1200 3488 1338 3552 artificii
1361 3487 1468 3570 quali-

347 3579 423 3640 tate
446 3575 641 3638 exousatio⁰
669 3576 832 3641 videatur·
855 3575 986 3653 haberi,
1016 3577 1077 3641 sed
1103 3597 1166 3661 pro
1193 3576 1299 3640 servis
1322 3577 1492 3658 questio.

348 3663 471 3726 nandis
507 3664 724 3747 contropatio
754 3663 936 3729 adibeatur
966 3665 1069 3728 etatis
1099 3668 1135 3728 et
1164 3663 1370 3742 hutilitatis;
1407 3661 1470 3728 aut

348 3752 377 3814 si
408 3751 533 3815 artifex
562 3751 679 3830 fuerit,
709 3753 769 3835 qui
800 3751 1002 3816 debilitatus
1032 3756 1098 3830 est,
1130 3756 1166 3816 et
1196 3753 1299 3816 huius
1330 3752 1493 3826 artificii,
1608 3763 1610 3791 ¹

349 3859 484 3903 servum
506 3860 576 3903 non
599 3839 770 3918 habuerit,
799 3841 859 3923 qui
886 3841 1058 3905 insontem
1086 3841 1295 3918 debilitabit,
1325 3841 1468 3905 alterius

349 3927 486 3992 artificii
510 3947 646 3992 servum
669 3929 767 3992 iuxta
781 3928 976 4012 predictum
991 3930 1146 3994 ordinem
1162 3930 1301 3993 domino
1325 3934 1469 4012 cogatur

349 4014 538 4093 exsolvere;
569 4017 621 4080 ita
642 4009 721 4094 utl,
753 4018 784 4081 si
811 4018 979 4081 artificem
1002 4038 1072 4081 non
1095 4018 1267 4093 habuerit,
1297 4020 1333 4081 et
1361 4017 1469 4082 alium

363 4243 371 4290 )
442 4185 630 4279 Rc)2querendum
644 4189 690 4230 121.
738 4187 761 4238 d)
776 4193 857 4238 sponte
872 4189 921 4231 ΒΞ.
961 4191 983 4238 e)
997 4188 1122 4239 periculum
1136 4189 1182 4231 121.
1226 4189 1300 4238 oie.
1313 4199 1352 4240 ως
1368 4189 1468 4231 heth.

349 4251 429 4290 gque
485 4272 491 4282 .

455 4294 509 4337 1111.
557 4295 580 4342 a)
600 4297 777 4343 temperamento
793 4305 839 4344 pro
861 4298 876 4337 t.
897 4295 921 4334 ln
942 4299 1053 4335 tormento
1074 4295 1126 4346 1215
1156 4299 1358 4344 temperamentum
1378 4296 1403 4335 in
1425 4299 1470 4336 tor-

349 4348 426 4386 menta
438 4345 487 4389 122.
541 4346 565 4396 b)
578 4347 635 4385 deest
648 4347 695 4390 131.
749 4349 770 4396 o)
784 4348 887 4388 excusati
901 4349 947 4391 131.

351 4487 377 4554 ι)
391 4488 428 4544 a.
446 4501 532 4555 aaa
549 4487 606 4554 111,
624 4489 709 4554 4,10.
780 4489 808 4555 a)
830 4489 860 4545 V.
878 4490 957 4554 safra
974 4490 1036 4556 vn,
1057 4491 1082 4556 o,
1097 4493 1122 4545 1.
