3264 5206
334 531 390 584 220
553 525 631 579 Lux
649 524 763 580 VISIG.
782 523 1051 582 REOOESSVIND.
1088 516 1156 592 vll,
1175 529 1200 594 5,
1218 531 1244 585 2.

335 719 554 790 subpresseritb,
578 708 795 786 subtraxerit,
821 709 1007 793 disruperit
1029 709 1085 773 vel
1108 720 1305 792 designaverit
1327 725 1389 776 aut
1407 721 1459 775 di-

336 793 460 861 luerit,
479 793 600 861 quique
613 792 721 863 signum
734 791 917 846 adulterinum
930 792 1081 860 sculpserit,
1100 791 1196 846 fecerit
1212 794 1256 847 vel
1274 794 1457 862 inpresserit:

335 870 463 934 talium
485 868 653 934 scelerum
675 869 726 933 rei
749 889 935 950 eorumque
959 869 1120 946 consciif,
1147 870 1230 933 dum
1245 871 1378 934 fuerint
1400 892 1458 954 pu·

338 958 468 1035 blicati,
500 959 528 1022 si
552 957 763 1042 potentiores
790 959 881 1032 sunt,
910 961 1068 1041 quartam
1092 961 1227 1042 partem
1248 958 1459 1023 facultatum

335 1068 476 1112 suarum
494 1047 668 1110 amittant.
705 1045 837 1111 sivero
861 1045 975 1111 alieno
993 1047 1068 1111 iure
1084 1047 1238 1111 debitam
1254 1047 1459 1132 scripturam

337 1135 572 1200 subtraxerint
607 1138 668 1198 aut
697 1135 910 1211 vitaverint,
947 1129 1114 1200 eandem‘l
1147 1136 1353 1220 scripturam
1383 1135 1458 1200 sub-

335 1224 482 1289 traxisse
505 1223 561 1288 vel
582 1224 745 1288 violasse⁰
774 1243 889 1288 coram
915 1223 1065 1288 iudicem
1092 1245 1190 1289 suam
1213 1225 1459 1309 professionem

338 1313 559 1396 depromant;
588 1333 654 1396 que
678 1312 855 1396 professio,
879 1312 1027 1376 testibus
1050 1312 1221 1391 roborata,
1246 1314 1381 1398 perdite
1404 1313 1460 1378 vel

336 1395 484 1466 vieiatef
503 1402 672 1486 scripture
695 1402 797 1465 robor
812 1401 981 1466 obtineat.
1017 1400 1169 1480 Quodsi
1193 1401 1457 1479 evidentissime,

337 1491 422 1573 quid
450 1491 620 1574 scriptura
649 1490 830 1566 continuit,
859 1490 1066 1555 recordare⁸
1091 1512 1161 1556 non
1184 1491 1346 1575 potuerit,
1374 1493 1459 1555 tunc

338 1579 408 1657 ille,
441 1579 537 1644 cuius
568 1579 738 1662 scriptura
767 1579 846 1655 fuit,
882 1578 1011 1643 habeat
1040 1578 1219 1644 licentiam
1249 1579 1459 1663 conprobare

338 1688 400 1752 per
433 1670 687 1733 sacramentum
721 1687 821 1730 suum
855 1668 967 1751 adque
1001 1688 1063 1751 per
1091 1671 1231 1746 testem,
1267 1669 1351 1750 quid
1385 1669 1460 1752 ipsa

338 1749 546 1841 iscripturah
573 1756 746 1820 continuit
769 1756 956 1834 evidenter,
981 1749 1034 1820 et¹
1057 1757 1108 1820 ita
1131 1758 1252 1822 datum
1274 1750 1457 1822 veredicek

337 1846 576 1910 testimonium
599 1845 768 1929 scripture
791 1847 928 1929 reparet
950 1846 1141 1910 veritatem.
1185 1845 1324 1910 sivero
1349 1846 1459 1909 minor

338 1935 494 1999 extiterit
520 1933 671 1998 facultas
700 1953 828 2010 eorum,
856 1954 960 2017 quam
987 1934 1079 2017 quod
1106 1934 1183 1998 aliis
1206 1935 1321 1999 faeere
1345 1935 1460 1998 eonati

337 2026 422 2087 sunt
450 2024 623 2098 damnum,
654 2022 721 2106 ipsi
753 2022 1003 2106 proculdubio
1033 2043 1112 2087 cum
1140 2023 1203 2100 his,
1234 2043 1301 2108 qne
1331 2023 1458 2088 habere

337 2112 509 2188 videntur,
535 2111 608 2175 eius
631 2111 790 2176 servituti
813 2105 1062 2188 subicianturl,
1087 2113 1143 2176 cui
1161 2112 1320 2176 fraudem
1335 2112 1458 2177 fecisse

338 2201 607 2264 dinoscunturm.
653 2200 708 2264 De
724 2203 848 2283 quarta
862 2219 942 2264 vero
961 2203 1069 2283 parte,
1094 2221 1197 2283 quam
1220 2200 1295 2265 dari
1318 2201 1458 2285 precipi-

340 2309 425 2366 mus,
456 2289 610 2373 principe
638 2289 845 2353 hordinsnte
872 2289 927 2354 vel
954 2289 1069 2353 iudice
1097 2293 1169 2354 tres
1195 2290 1372 2373 portiones
1399 2289 1458 2354 ille

340 2378 496 2461 accipiat,
521 2378 581 2459 qui
597 2378 782 2441 damnum¹1
801 2377 946 2462 pertulit
961 2379 1018 2442 vel
1038 2378 1113 2462 pati
1135 2381 1311 2462 potuerat;
1336 2382 1460 2460 quarta

338 2472 440 2532 vero⁰
469 2468 563 2550 regie
594 2467 759 2551 potestati
788 2470 1019 2544 reserveturr,
1050 2470 1100 2545 ut,
1132 2466 1215 2549 quid
1239 2467 1362 2532 exinde
1386 2468 1460 2532 fieri

338 2556 474 2634 debeat,
499 2557 536 2618 in
560 2555 703 2619 arbitrio
726 2557 799 2620 eius
821 2555 996 2620 consistat.
1032 2555 1244 2621 Humiliores
1268 2576 1349 2620 sane
1366 2556 1459 2620 vilio·

337 2665 460 2727 resque
490 2664 643 2729 persone,
674 2664 740 2728 que
769 2644 858 2709 talia
885 2644 1014 2709 detecti
1037 2645 1169 2709 fuerint
1192 2645 1399 2722 conmisisse,
1424 2648 1459 2710 et

338 2735 437 2797 iuxtc
470 2734 680 2818 superiorem
714 2733 895 2798 hordinem
930 2733 1143 2798 conscribere
1178 2733 1355 2798 debebunt
1386 2755 1459 2817 pro·

337 2823 532 2900 fessionem,
558 2825 593 2887 et
616 2825 783 2906 perpetuo
806 2823 862 2886 eui
885 2822 1043 2886 fraudem
1063 2822 1212 2888 fecerint
1230 2823 1456 2887 cridicantur‘l

338 2912 384 2975 ad
414 2911 630 2988 servitutem
662 2911 803 2994 insuper
833 2915 959 2988 autem,
989 2914 1063 2974 tam
1092 2911 1240 2976 humiles
1269 2931 1374 2993 quam
1404 2933 1459 2996 po-

336 3003 453 3064 tentes
491 3019 636 3083 persone
675 3000 829 3064 centenis
866 2999 1083 3082 flagellorum
1122 3002 1223 3064 erunt
1260 2999 1458 3064 verberibus

339 3089 562 3153 coercende¹.
610 3086 710 3166 Quod
740 3089 768 3151 si
798 3089 887 3153 servi
917 3089 983 3152 hoc
1011 3088 1169 3165 fecerint,
1201 3090 1237 3152 et
1267 3109 1324 3153 eos
1354 3088 1459 3154 alieni

338 3178 423 3241 iuris
447 3197 519 3242 esse
543 3178 704 3261 patuerit,
728 3176 799 3240 illis
816 3177 1062 3260 consignentur
1076 3178 1273 3261 perenniter
1288 3177 1457 3254 servituri,

337 3266 463 3350 quibus
486 3267 710 3350 seripturam⁵
739 3266 947 3330 subtraxisse
976 3261 1054 3329 autt
1085 3261 1231 3330 celasset
1259 3265 1315 3331 vel
1343 3267 1459 3331 lesisse

337 3355 471 3420 fuerint
494 3354 685 3438 adprobati.
721 3353 823 3433 Quod
846 3355 875 3418 si
897 3354 1097 3419 iubentibus
1113 3354 1260 3418 dominis
1283 3355 1353 3418 suis
1373 3355 1459 3418 talia

336 3444 500 3520 fecerint,
532 3463 632 3507 omne
664 3444 828 3507 damnum
856 3443 1053 3507 redundetu
1088 3443 1132 3506 ed
1163 3443 1350 3506 dominum.
1403 3443 1459 3506 Ita

338 3533 444 3597 etiam
475 3536 511 3596 et
541 3533 609 3596 dev
643 3533 692 3596 eis
723 3533 929 3616 precipimus
959 3531 1146 3608 observari,
1181 3531 1241 3615 qui
1270 3532 1367 3595 lucro
1397 3552 1458 3596 suo

290 3634 293 3642 ²
337 3621 561 3684 istudontesW
592 3620 706 3685 aliena
736 3623 947 3685 testamenta
972 3620 1029 3684 vel
1056 3620 1141 3685 alias
1170 3621 1355 3705 scripturas
1384 3621 1458 3684 sub·

337 3709 525 3794 presserint
552 3711 613 3772 aut
635 3710 843 3787 vitiaverint,
872 3709 999 3786 uthis,
1031 3709 1154 3792 quibus
1179 3709 1342 3792 conpetit,
1366 3710 1458 3793 inpe-

338 3797 412 3861 dire
436 3797 567 3880 aliquid
590 3799 732 3880 possint.
779 3797 825 3861 Et
847 3798 924 3861 hii¹
950 3798 1109 3862 similiter
1132 3800 1309 3881 tamquam
1325 3797 1459 3862 falsarii

336 3889 523 3950 teneantur
546 3889 582 3950 et
604 3887 726 3949 iuxtay
753 3886 957 3968 qualitatem
980 3885 1123 3970 persone
1146 3886 1313 3969 superiori
1333 3886 1458 3950 damno

338 3974 560 4038 multentur..

444 4200 630 4247 thoracum.
673 4199 815 4246 c)socilRl.
861 4198 884 4248 d)
894 4197 973 4240 eedem
983 4201 1029 4242 131.
1069 4200 1252 4248 e)vitlasse132.
1293 4198 1459 4249 ovltlateBt.

335 4256 360 4302 g)
374 4251 489 4292 recordari
504 4254 550 4295 ΕΙ.
604 4253 628 4300 Ιι)
641 4253 755 4302 scriptura
769 4253 817 4294 122.
871 4254 888 4302 l)
903 4254 934 4292 fta
944 4253 976 4302 E;
990 4251 1080 4293 reddita
1093 4264 1134 4302 pro
1148 4257 1171 4292 et
1184 4253 1217 4292 ita
1231 4253 1282 4303 1²13
1297 4252 1330 4291 lta
1344 4252 1401 4290 deest
1410 4252 1430 4290 R
1440 4253 1458 4293 2.

338 4307 362 4354 Ιι)
376 4305 477 4346 veridice
491 4307 539 4349 122.
600 4307 616 4354 l)
631 4306 791 4346 subiaceantnr
804 4307 825 4345 Β
834 4307 853 4349 2.
911 4309 942 4354 ιιι)
956 4310 1120 4355 cognoscentur
1133 4307 1182 4348 Bt.
1236 4308 1261 4353 n)
1274 4316 1327 4345 num
1341 4306 1398 4343 deest
1412 4305 1458 4346 ΕΙ.

335 4362 359 4408 o)
374 4365 439 4409 parte
453 4360 561 4402 adddit.
608 4361 632 4409 p)
646 4363 751 4399 servetur
764 4360 812 4402 Rs.
861 4362 884 4408 q)
897 4357 1034 4400 addicantur
1048 4360 1080 4399 tls
1093 4371 1135 4403 scr.
1149 4360 1196 4402 Β),
1241 4360 1261 4407 ι)
1276 4355 1396 4398 coercendi
1410 4358 1458 4400 122.

335 4413 357 4465 s)
371 4414 483 4462 scriptura
497 4414 543 4455 121.
625 4415 642 4460 t)
656 4414 712 4452 deest
726 4413 772 4455 Β).
853 4415 876 4462 ιι)
891 4411 1079 4456 reddundetltl.
1154 4416 1177 4461 v)
1192 4411 1246 4452 dare
1263 4423 1305 4461 pro
1319 4410 1348 4452 ds
1363 4411 1395 4452 eis
1410 4411 1458 4453 132.

336 4469 368 4514 w)
381 4465 498 4507 studentes
513 4467 562 4508 ΒΞ.
616 4468 639 4514 ιι)
655 4467 689 4506 his
704 4467 752 4508 Μ.
807 4467 830 4517 y)
844 4466 930 4506 luxiam
944 4467 991 4509 131.
