3198 5202
301 519 356 573 252
471 515 549 570 LEX
568 515 683 572 VISIO.
701 515 971 572 Buconssvmo.
1009 515 1091 585 VIII,
1111 520 1138 584 4,
1156 519 1200 572 25.
1219 520 1262 573 26.

693 692 786 749 xxv.
817 690 1030 762 ANTIQUAa.

348 805 408 870 De
439 798 676 870 servandoh
709 805 855 889 spatio
884 805 1009 868 iuxta
1038 804 1130 869 vias
1160 804 1373 889 publicas.

410 910 520 988 Viam,
553 930 614 996 per
644 932 746 994 quam
777 911 821 975 sd
852 911 1028 976 civitatem
1058 913 1129 977 sire
1159 912 1203 976 ad
1231 910 1421 996 provincias
1531 911 1532 916 ’

302 1003 437 1064 nostras
460 1000 510 1064 ire
534 1000 772 1064 consuevimus
783 1000 803 1076 1,
831 999 949 1064 nullus
973 1001 1127 1084 precepti
1149 999 1259 1064 nostri
1281 1003 1422 1065 temera-

302 1091 358 1152 tor
388 1089 544 1162 exsistat,
576 1091 617 1151 ut
647 1108 722 1152 eam
753 1089 928 1164 excludat,
965 1089 1025 1153 sed
1054 1091 1220 1172 utroque⁰
1257 1087 1422 1153 medietas

303 1172 503 1262 aripennis‘¹
537 1176 648 1242 libera
677 1170 899 1254 serverum-²,
936 1180 976 1240 ut
1006 1177 1073 1241 iter
1103 1177 1286 1261 agentibus
1317 1177 1422 1261 adpli-

303 1266 405 1331 candi
428 1266 611 1350 ispotium⁰
632 1286 701 1329 non
716 1268 864 1330 vetetur.
911 1265 948 1329 Si
971 1266 1047 1348 quis
1071 1268 1186 1330 autem
1210 1266 1313 1329 huius
1338 1265 1422 1348 legis

303 1348 481 1439 predictaf
507 1356 670 1438 precepta
698 1355 965 1430 transcenderit,
997 1355 1026 1418 si
1056 1354 1220 1418 maiorisss
1253 1354 1321 1418 loci
1351 1375 1422 1438 per·

303 1464 387 1508 sona
417 1445 479 1519 est,
512 1443 571 1507 det
601 1442 728 1507 solidos
751 1454 817 1509 XV.
864 1442 1052 1508 Inferiores
1074 1463 1155 1507 vero
1180 1462 1323 1527 persone
1346 1443 1422 1508 hoo·

301 1523 428 1596 tonos¹¹
455 1531 582 1596 solidos
606 1531 742 1595 solvant
765 1532 847 1596 fisco
871 1532 1080 1616 profuturos.
1119 1530 1187 1610 Qui
1211 1534 1303 1596 uerte
1326 1531 1423 1594 iuxta

304 1620 501 1684 huiusmodi
534 1620 626 1684 viam
661 1613 801 1684 messes¹
835 1623 896 1683 aut
925 1621 1061 1684 vineam
1090 1619 1145 1684 vel
1180 1622 1318 1704 pratum
1354 1621 1422 1684 sive

304 1709 503 1774 conclusum
531 1708 659 1772 habere
687 1709 915 1793 cognoscitur,
947 1703 1088 1793 sepemk
1114 1702 1317 1791 utrumque¹
1349 1729 1422 1772 oon-

304 1799 436 1875 eludat3
462 1798 553 1880 quod
576 1797 606 1861 si
628 1801 770 1881 propter
793 1798 1008 1881 paupertatis
1031 1798 1240 1882 angustiusm
1264 1818 1421 1881 campum

304 1887 442 1970 sepibus
475 1906 546 1949 non
580 1886 688 1970 possit
722 1886 867 1963 ambire,
906 1886 1074 1951 fossatum
1113 1887 1319 1970 protendere
1353 1906 1422 1948 non

304 1977 467 2039 moretur.

685 2055 793 2114 xxvi.
825 2055 1037 2126 nurrouna.

305 2169 349 2233 Si
383 2170 432 2232 de
467 2169 629 2252 campis
659 2170 922 2234 vacantibus
956 2169 1043 2233 iter
1077 2170 1306 2254 agentium
1334 2169 1421 2232 ani-

635 2258 766 2322 malia
796 2257 1090 2341 expellantur.

412 2364 449 2427 Si
478 2363 624 2446 aliquis³
652 2366 694 2429 de
723 2368 921 2448 apertorum
945 2367 981 2428 et
1002 2365 1200 2429 vacantium
1224 2385 1421 2448 camporum

304 2453 449 2537 pascuis,
473 2452 556 2518 licet
580 2473 637 2517 eos
660 2453 803 2536 quisque
826 2453 927 2517 fossis
942 2453 1160 2536 precinxerit,
1185 2453 1337 2517 caballos
1361 2456 1421 2516 aut

304 2542 407 2606 boves
429 2541 486 2606 vel
510 2544 625 2606 cetera
648 2542 811 2605 animalia
826 2543 960 2626 generis
977 2543 1220 2624 cuiuscumque
1240 2542 1307 2606 iter
1323 2563 1421 2626 agen-

302 2632 392 2694 tium
422 2632 466 2694 ad
497 2630 636 2695 domum
667 2651 763 2694 suam
793 2630 989 2694 inclusurus
1012 2631 1205 2707 adduxerit,
1236 2650 1297 2714 per
1328 2623 1416 2694 duob

304 2720 420 2802 capita
457 2719 637 2784 tremisse⁰
677 2722 821 2803 cogatur
861 2719 1033 2796 exolvere;
1076 2719 1106 2783 si
1139 2740 1233 2796 vero,
1273 2722 1314 2781 ut
1353 2741 1421 2782 non

303 2811 498 2892 pascantur,
524 2807 704 2892 expulerit,
729 2828 791 2891 per
814 2810 978 2890 quattuor
1001 2808 1116 2892 capita
1138 2808 1313 2872 tremisse⁰
1338 2808 1420 2872 aoei-

303 2897 377 2981 piat
400 2897 460 2980 qui
478 2897 613 2980 excepit
635 2897 807 2960 iniuriam.
843 2895 944 2975 Quod
963 2899 1024 2960 eta
1044 2897 1073 2960 si
1088 2897 1152 2960 heo
1169 2901 1204 2960 et
1219 2891 1307 2979 que‘l
1326 2917 1420 2980 supe-

302 2986 373 3048 rius
405 2986 499 3049 diota
526 2988 608 3048 sunt
638 3005 755 3049 servus
785 2985 923 3048 domino
953 2985 1128 3049 nesciente
1158 2985 1369 3063 conmiserit,
1401 3005 1421 3048 a

303 3075 428 3138 comite
461 3074 611 3138 civitatis
641 3074 696 3137 vel
726 3074 839 3138 iudice
870 3084 892 3139 0
919 3073 1135 3157 flagellorum
1170 3074 1322 3138 hictibus
1352 3094 1420 3138 ver·

303 3163 451 3240 beretur,
477 3165 512 3227 et
536 3162 694 3225 dominus
718 3162 806 3226 servi
834 3161 967 3225 nullam
991 3161 1199 3226 calumniam
1229 3165 1291 3225 aut
1321 3162 1420 3226 detri-

302 3254 457 3315 mentum
481 3251 660 3314 sustineat.

408 3424 475 3465 XXV.
516 3426 538 3471 a)
552 3425 608 3461 deest
621 3423 670 3464 Re.
730 3424 754 3470 b)
768 3433 856 3462 reserv-
866 3434 911 3472 pro
925 3434 988 3462 serv·
1001 3423 1051 3465 132.
1109 3424 1176 3470 c)1'ta
1190 3424 1241 3473 1313
1263 3423 1287 3462 iu
1302 3427 1420 3472 utrumque

302 3478 350 3520 Re.
365 3477 416 3527 Ε1;
440 3477 622 3524 utrumquem.
683 3473 706 3523 d)
720 3476 840 3524 arepennis
855 3476 903 3519 Rs.
965 3479 986 3525 e)
1000 3476 1097 3524 spatium
1111 3476 1160 3517 32.
1214 3477 1278 3524 otto
1292 3477 1345 3524 R1,·
1365 3477 1420 3515 deest

302 3530 390 3572 11111,
433 3532 455 3578 g)
468 3531 561 3580 itam,
577 3529 648 3568 maior
658 3540 703 3578 pro
718 3530 807 3568 maioris
818 3529 861 3568 loci
875 3529 959 3571 11117.
1001 3529 1024 3580 h)
1039 3533 1130 3568 octonos
1144 3530 1192 3572 122.
1233 3530 1249 3577 i)
1264 3540 1358 3568 messem
1373 3529 1420 3570 Rs.

302 3582 326 3634 k)
340 3585 372 3621 ito
386 3584 432 3624 121.
442 3584 495 3634 1021,
510 3595 564 3632 sepe
578 3583 626 3624 132.
641 3583 690 3625 112,
743 3583 760 3631 l)
774 3587 871 3631 utruque
885 3583 931 3624 111.
985 3586 1015 3630 m)
1030 3583 1062 3620 lta
1076 3583 1122 3624 121.
1136 3583 1189 3633 n15
1205 3583 1331 3632 angustiam
1346 3583 1394 3624 122.

409 3637 487 3679 XXVI,
529 3638 550 3684 s)
564 3637 621 3674 deest
634 3637 683 3678 122.
737 3637 760 3684 b)
775 3633 820 3675 dua
833 3636 880 3678 121.
934 3637 954 3683 c)
968 3636 1093 3675 tremissem
1107 3636 1155 3677 122.
1209 3634 1232 3684 d)
1247 3633 1307 3684 quod
1321 3636 1367 3678 131.

303 3779 329 3843 1)
346 3777 381 3828 Id
398 3784 435 3828 est
452 3779 496 3828 oia
511 3777 621 3842 publica
639 3778 679 3828 vel
695 3779 781 3842 rapio.
819 3777 860 3842 Cf.
880 3778 912 3832 L.
931 3778 1027 3832 Baiae.
1048 3780 1155 3842 10,19:
1174 3776 1354 3844 viepublioa,
1373 3776 1420 3828 ubi

301 3848 360 3916 [rex
372 3846 425 3914 vel]
445 3847 501 3898 dux
519 3846 666 3916 egreditur.
721 3848 749 3914 2)
765 3849 800 3900 In
817 3856 928 3915 utroque
945 3850 1003 3900 vioe
1016 3849 1141 3914 publicae
1160 3849 1241 3901 latere
1259 3849 1420 3900 medietatem

301 3920 449 3984 aripennis,
476 3919 506 3969 id
528 3925 566 3970 est
587 3920 705 3984 epatium
728 3921 764 3973 60
782 3920 890 3986 mum,
918 3921 1029 3972 literam
1052 3936 1188 3972 mutauere
1214 3921 1256 3972 lec
1276 3921 1419 3985 proecepit.

302 3989 359 4041 Hoc
387 3991 441 4040 loco
468 4005 518 4041 eoa
544 3989 702 4056 ‘aripennis’
729 3991 864 4056 sipoifieot
890 4006 944 4042 nors
970 3997 1001 4042 ut
1024 3992 1180 4058 pleramque
1206 3992 1254 4056 (of.
1279 3991 1358 4054 infra
1382 3991 1418 4055 X,

303 4062 327 4126 1,
348 4061 395 4125 14)
420 4061 525 4111 modum
546 4063 612 4125 apri
633 4061 764 4126 quadrati
784 4063 814 4112 in
836 4077 936 4128 quoque
957 4062 1039 4114 latere
1058 4063 1109 4117 120
1125 4063 1204 4130 pedes
1221 4061 1349 4127 habentis,
1376 4061 1420 4112 eed

300 4131 1132 4268 amalmtbbattbbbml
1143 4133 1418 4256 11111211·

299 4292 327 4342 p.
347 4276 392 4328 37:
413 4271 492 4326 Unus
511 4272 612 4325 stadius
631 4272 715 4326 habet
733 4273 895 4342 agripennes
914 4274 1042 4341 quinque.
1081 4275 1155 4339 Quod
1172 4275 1262 4340 efficit,
1288 4291 1347 4326 euin
1364 4241 1419 4326 ital

300 4346 376 4396 olium
395 4347 448 4399 625
463 4346 542 4412 pedes
559 4345 700 4411 Romanoa,
722 4346 837 4398 Graecos
854 4353 942 4397 tamea
961 4349 1013 4400 600
1032 4353 1137 4398 tontum
1155 4346 1257 4413 babeat,
1285 4345 1421 4398 Romanos

297 4417 377 4484 pstea
395 4418 455 4482 125,
477 4417 591 4468 Graecos
610 4419 669 4470 120.
778 4417 806 4484 3)
828 4417 875 4469 Ea
900 4417 951 4468 bae
974 4418 1028 4483 lepe
1052 4424 1075 4469 et
1098 4419 1216 4484 sequenti
1232 4423 1325 4468 auctor
1343 4417 1422 4469 edidi

300 4488 419 4539 Bothum*
436 4489 509 4554 repis
526 4495 605 4555 capot
624 4490 685 4543 358.
705 4488 835 4552 formasse
852 4489 963 4541 videtur.
