3264 5206
373 552 451 608 LEX
468 551 584 606 VISIG.
603 551 874 608 REOOESSVTND.
910 552 962 620 VI,
981 555 1006 620 5,
1024 557 1066 609 12.
1229 556 1279 610 197

159 736 303 800 ancillas
332 737 522 800 occisorum
551 735 709 799 dominus
739 737 781 799 de
809 735 979 800 facultate
1007 736 1178 800 homicide
1204 756 1279 799 con·

158 829 339 890 secuturus
377 829 445 901 est;
483 824 658 888 homicida
692 828 810 887 tamen
845 826 1034 888 secundum
1069 825 1279 908 superiorem

157 914 340 978 hordinern
374 914 534 997 perennis
565 913 659 976 exilii
690 933 815 996 penam
849 914 1088 978 indubitanter
1119 913 1277 996 excipiat.

157 1003 247 1066 Nam
282 1003 312 1065 si
346 1003 505 1066 dominus
542 1001 689 1065 fortasse
723 1001 779 1065 vel
815 1002 954 1065 domina
991 1003 1028 1064 in
1063 1002 1190 1065 ancilla
1223 1001 1279 1066 vel

156 1112 264 1167 servo,
293 1094 366 1154 tam
395 1091 533 1175 proprio
561 1111 664 1173 quam
693 1093 889 1168 extrane00,
918 1091 973 1154 vel
1001 1091 1203 1155 incitatione
1230 1091 1278 1153 in-

156 1181 244 1244 iurie
272 1180 328 1244 vel
354 1181 407 1242 ira
434 1181 639 1254 commotus,
672 1179 754 1242 dum
782 1179 1000 1263 disciplinam
1027 1180 1169 1262 ingerit,
1199 1200 1278 1261 quo-

157 1290 302 1351 cumque
326 1269 425 1333 hictu
448 1267 670 1351 percutiensl'
698 1267 922 1330 homicidium
945 1268 1213 1352 penetraverit‘l,
1243 1271 1278 1332 et

156 1357 211 1420 vel
234 1357 383 1421 testibus
407 1357 551 1440 probare
574 1356 729 1439 potuerit
743 1356 799 1420 vel
816 1361 908 1420 certe
926 1359 1160 1420 sacramentol
1182 1376 1278 1420 suam

157 1447 403 1509 conscientiam
420 1445 617 1528 expiaverit,
642 1443 792 1508 nolendo
814 1444 940 1509 talem⁸
962 1446 1186 1509 homicidium
1203 1466 1278 1508 con-

156 1535 302 1610 misisse,
335 1535 378 1597 ad
409 1534 512 1597 huius
542 1533 629 1616 legis
660 1534 867 1597 sententiam
896 1534 1009 1598 teneri
1037 1555 1107 1597 non
1137 1534 1276 1617 poterit.

156 1623 403 1687 Verumtamen
431 1623 460 1685 si
488 1622 576 1686 servi
603 1621 658 1686 vel
682 1621 807 1686 ancille
837 1623 1100 1686 instituentibus
1123 1623 1179 1686 vel
1203 1643 1277 1686 con-

157 1712 385 1775 sentientibus
409 1711 556 1775 dominis
579 1711 616 1772 in
642 1711 813 1774 conservis
837 1711 906 1774 suis
928 1711 984 1775 vel
1006 1711 1277 1794 quibuscumque

156 1801 310 1883 personis
338 1800 562 1864 homicidium
590 1800 873 1882 perpetraverint,
908 1804 943 1863 et
973 1821 1034 1883 per
1064 1800 1277 1864 exactionem

155 1892 406 1952 tormentorum
426 1889 563 1952 eosdem
580 1888 735 1951 dominos
760 1909 838 1951 suos
860 1888 947 1952 talia
970 1889 1036 1952 sibi
1059 1889 1276 1952 constituisse

156 1978 364 2050 taxaverint,
396 1978 486 2041 servi
516 1977 654 2058 quidem
684 1977 739 2040 vel
770 1976 895 2040 ancille
925 1976 1012 2041 talia
1040 1980 1277 2061 perpetrantes

157 2067 310 2130 centenis
341 2065 487 2149 flagellis
517 2065 655 2148 publice
685 2066 889 2130 verberandi
920 2070 1001 2129 sunt
1033 2067 1098 2129 hac
1129 2066 1277 2149 turpiter

124 2209 129 2220 .
157 2155 375 2230 decalvandi;
408 2175 525 2219 eorum
548 2175 628 2218 vero
653 2155 783 2218 domini
810 2155 977 2237 superiori
1000 2158 1081 2218 sunt
1105 2156 1277 2218 sententia

155 2243 314 2307 feriendi.
365 2242 586 2325 Quocumque
621 2246 738 2306 autem
772 2263 918 2326 persona
951 2244 1103 2327 ingenua
1137 2247 1277 2327 propter

155 2332 243 2394 furti
265 2332 491 2415 rapacitatem
520 2333 556 2394 in
580 2332 704 2396 itinere
726 2331 782 2395 vel
805 2333 842 2394 in
866 2333 966 2396 domo
990 2333 1140 2416 positum
1163 2354 1277 2415 quem·

156 2442 258 2503 quam
288 2421 455 2484 insidians
485 2420 649 2484 occidisse
684 2421 868 2502 detegitur,
904 2421 1078 2485 homicida
1112 2422 1275 2485 continuo

156 2531 218 2592 pro
241 2509 427 2573 homicidio
455 2509 637 2593 puniatur;
667 2506 720 2573 ett
750 2510 912 2592 quoniam
937 2510 1080 2574 consilio
1103 2510 1272 2592 quisqueu

156 2598 212 2662 vel
242 2599 337 2661 iussu
366 2599 590 2661 homicidium
620 2598 818 2661 faciendum
851 2599 1012 2661 insistens
1041 2599 1161 2662 noxior
1190 2599 1275 2661 iudi-

157 2688 286 2750 candus
313 2690 364 2750 est
388 2708 490 2769 quam
513 2686 583 2762 ille,
608 2687 668 2769 qui
690 2687 915 2750 homicidium
935 2707 1036 2769 opere
1053 2687 1273 2770 perpetravit,

156 2776 191 2839 id
216 2775 411 2859 specialiter
435 2776 715 2838 constituendum
738 2776 901 2858 oportuit,
930 2779 971 2838 11
999 2778 1142 2859 excepta
1172 2796 1275 2839 causa

156 2885 339 2940 servorum,
366 2865 407 2928 de
431 2864 556 2947 quibus
580 2885 683 2947 supra
701 2867 859 2927 taxatum
878 2865 938 2938 est,
964 2864 992 2926 si
1015 2864 1204 2946 ingenuum
1219 2864 1275 2928 vel

156 2954 342 3035 ingenuam
370 2974 431 3036 per
455 2973 589 3016 servum
613 2956 700 3015 autv
727 2952 888 3016 ancillam
912 2952 1070 3016 dominus
1095 2953 1274 3018 dominave

156 3042 408 3105 hoccidendum
437 3042 641 3125 preceperit,
679 3045 714 3104 et
748 3062 809 3125 per
839 3042 981 3104 arduam
1011 3044 1096 3124 aput
1125 3041 1275 3105 iudicem

156 3130 398 3213 publicamque
420 3132 671 3194 tormentorum
688 3130 932 3193 discussionem
955 3129 1041 3193 talia
1065 3131 1107 3193 de
1128 3131 1274 3193 dominis

124 3270 129 3283 .
156 3219 287 3281 fuerint
303 3219 486 3282 manifeste
504 3219 660 3296 confessi,
685 3239 801 3282 servus
818 3218 938 3302 procul
955 3219 1060 3282 dubio
1076 3218 1131 3282 vel
1148 3218 1275 3281 ancilla

155 3311 228 3371 tam
258 3308 361 3370 noxia
391 3310 642 3391 perpetrantes,
680 3308 882 3371 ducentenis
912 3307 1083 3371 verberati
1117 3306 1272 3389 flagellis,

154 3397 305 3479 turpiter
336 3397 440 3460 etiam
472 3396 675 3459 decalvandi
705 3399 795 3458 sunt.
849 3395 991 3460 Domini
1020 3416 1113 3473 vero,
1151 3396 1275 3478 quibus

155 3485 356 3548 iubentibus
379 3485 450 3548 talc
473 3485 571 3548 nefas
595 3485 782 3548 admissum
805 3489 867 3561 est,
893 3484 1034 3568 capitali
1057 3505 1092 3548 se
1116 3485 1275 3548 noverint

156 3573 325 3656 supplicio
342 3574 568 3657 perimendos.
607 3573 699 3636 Nam
715 3573 744 3636 si
759 3574 902 3655 ingenui
917 3573 1064 3656 quilibet
1080 3593 1121 3637 ex
1137 3574 1275 3637 comuni

156 3661 299 3725 consilio
329 3662 553 3726 homicidium
581 3666 778 3746 perpetrare
807 3661 1086 3738 deliberaverint,
1118 3660 1184 3736 illi,
1216 3663 1276 3744 qui

154 3750 301 3814 fortasse
335 3752 566 3834 percusserint
601 3754 662 3814 aut
696 3755 940 3833 quocumqueW
970 3751 1068 3813 hictu
1100 3750 1275 3815 hominem

155 3839 404 3916 interfecerint,
434 3843 543 3903 morte
568 3840 756 3903 damnandi
779 3843 870 3902 sunt.
917 3838 977 3901 Illi
999 3860 1089 3915 vero,
1114 3840 1275 3921 quicum

156 3928 204 3990 eis
235 3927 416 3992 consilium
446 3928 607 3992 habuisse
637 3929 889 4012 repperiuntur,
921 3928 1075 4010 quamvis
1105 3949 1175 3991 non
1203 3948 1274 4010 pcr-

156 4017 333 4091 cusserint,
366 4019 506 4100 propter
535 4017 738 4080 inimicum¹
764 4020 882 4080 tamen
909 4016 1090 4079 consilium
1115 4018 1274 4080 ducento-

154 4125 231 4167 rum
250 4105 466 4188 flagellorum
488 4105 603 4168 hictus
626 4104 791 4189 publicey
818 4105 950 4168 extensi
974 4106 1009 4167 et
1028 4104 1274 4168 decalvationis

154 4193 302 4257 feditate
341 4195 474 4277 passuri
511 4197 607 4270 sunt;
651 4194 762 4276 adque
800 4193 941 4276 insuper
974 4193 1136 4276 proximis
1172 4192 1275 4256 occisi

154 4283 355 4365 parentibus
379 4283 638 4366 quinquagenos
655 4282 781 4346 solidos
806 4302 998 4365 conponere
1022 4281 1272 4364 conpellantur,

262 4439 284 4485 o)
303 4440 397 4477 externo
417 4438 465 4480 Ra.
545 4441 568 4487 p)
587 4437 726 4484 percutticns
744 4438 790 4478 Bl.
871 4439 894 4485 q)
913 4437 945 4474 ita
961 4436 1041 4486 R1.2;
1069 4435 1235 4484 perpetraverit
1249 4435 1274 4476 Ε.

157 4491 176 4536 r)
189 4495 354 4530 sacramentum
369 4491 416 4533 Rl.
478 4493 498 4538 s)
512 4491 557 4530 tale
571 4492 620 4532 122.
684 4493 701 4538 t)
715 4491 772 4529 dcccl
785 4491 832 4531 1³1.
895 4492 918 4537 u)
933 4490 1016 4538 quique
1030 4489 1076 4530 121.
1137 4490 1161 4535 v)
1174 4487 1212 4527 vol
1225 4489 1274 4531 1³2.

156 4545 185 4591 vv)
200 4542 357 4592 quodcumque
371 4546 419 4587 Rl.
473 4546 496 4592 x)
510 4555 566 4586 corr.
580 4544 664 4582 inicum
679 4545 728 4585 1³2,
781 4545 805 4594 y)
818 4543 909 4592 puplica
923 4544 970 4584 121.
