3218 5202
334 531 386 586 ne
511 527 589 584 nux
607 525 723 584 vrsrc.
741 525 1011 588 nnccnssvmn.
1046 528 1118 598 rm,
1136 533 1162 600 a,
1180 533 1276 588 7-10.

736 703 804 761 vn
834 703 1045 776 armonia

334 817 378 882 Si
405 817 489 894 his,
520 818 594 900 qui
623 817 822 894 moritur,
854 835 1025 882 sorores
1055 817 1282 902 relinquat
1311 821 1454 904 patris

760 908 835 969 aut
862 906 1026 970 matris.

180 1006 324 1102 &⁰323st
440 1009 508 1090 Qui
537 1012 683 1075 moritur
712 1012 741 1074 si
767 1012 973 1075 tantumodo
997 1011 1149 1090 amitam,
1179 1013 1246 1078 hoo
1269 1017 1322 1078 est
1344 1015 1453 1098 patris
1481 1036 1506 1074 v·

333 1120 493 1177 sororem,
517 1103 553 1164 et
575 1093 831 1177 materteraml,
862 1100 928 1164 hoc
952 1104 1004 1165 est
1027 1102 1147 1166 matris
1170 1122 1330 1180 sororem,
1353 1103 1454 1168 relin-

333 1188 425 1271 quid,
450 1187 565 1271 equali
587 1189 661 1253 iure
685 1188 873 1254 succedant
894 1189 932 1252 in
955 1188 1149 1255 hereditate
1173 1189 1341 1256 defuncti.

731 1375 814 1432 rm
844 1373 1052 1448 marcum.

333 1488 377 1553 Si
399 1488 483 1567 his,
514 1489 587 1572 qui
614 1488 814 1566 moritur,
845 1487 972 1553 filios
1002 1489 1162 1553 fratris
1189 1490 1258 1554 rel
1288 1491 1456 1555 sororis

643 1576 896 1660 relinquere
924 1577 1140 1642 videatur.

176 1679 324 1727 ‘iffi-Em·
440 1682 508 1762 Qui
542 1684 688 1748 moritur
721 1683 751 1748 si
784 1681 910 1748 fratres
940 1686 976 1748 et
1005 1703 1137 1749 sorores
1170 1704 1241 1748 non
1273 1685 1457 1768 reliquerit

238 1734 283 1776 m
332 1775 369 1836 et
391 1770 480 1836 filios
502 1764 671 1836 fratrumb
691 1770 747 1836 vel
763 1791 917 1836 sororum
931 1770 1120 1855 reliquerit,
1144 1773 1173 1836 si
1197 1793 1238 1837 er
1253 1794 1323 1836 uno
1343 1773 1456 1838 fratre

333 1859 378 1924 sit
416 1879 506 1924 unus
544 1860 636 1924 filius
670 1863 706 1924 et
741 1880 782 1924 ex
817 1859 885 1924 alio
923 1860 1034 1926 fratre
1067 1859 1123 1925 vel
1157 1880 1271 1928 sorore
1305 1862 1456 1926 forsitan

332 1947 458 2032 plures,
476 1968 612 2013 omnem
632 1948 861 2012 hereditatem
878 1948 1035 2014 dehmcti
1053 1949 1247 2033 percipiant
1262 1953 1298 2014 et
1314 1950 1451 2033 equali⁰

332 2056 394 2119 per
417 2036 532 2120 capita
555 2036 713 2102 dividant
735 2037 939 2122 portionem.

518 2223 616 2280 vim.
646 2223 816 2279 FLAVIUS
834 2223 1150 2280 OHINDASVINDUS
1167 2223 1255 2282 REX

355 2335 476 2415 Quod
504 2335 549 2399 in
579 2356 740 2400 omnem
770 2336 1067 2488 hirrisfflitem
1094 2336 1258 2402 femina
1285 2338 1431 2422 accipi

837 2445 856 2490 e
894 2445 974 2489 ea.

176 2527 323 2621 acggffr.
439 2529 581 2595 Femina
604 2531 649 2594 ad
671 2530 901 2595 hereditatem
917 2531 1026 2616 patris
1050 2534 1111 2595 aut
1130 2531 1259 2609 matris,
1285 2537 1452 2596 avorum*

331 2619 387 2684 vel
415 2620 578 2698 ariarum,
606 2622 680 2683 tam
702 2621 924 2703 paternorum
947 2639 1051 2702 quam
1073 2621 1316 2697 maternarum,
1348 2623 1384 2685 et
1407 2621 1454 2684 ad

331 2707 562 2772 hereditatem
583 2708 732 2771 fratrum
746 2707 803 2772 vel
818 2727 973 2771 sororum
995 2708 1067 2773 sive
1090 2709 1134 2774 ad
1150 2708 1214 2772 has
1229 2708 1454 2786 hereditates,

332 2817 397 2879 que
428 2815 448 2859 a
477 2799 601 2880 patruo
627 2795 684 2860 rel
711 2789 804 2859 liliob
831 2796 961 2880 patrui,
991 2796 1111 2860 fratris
1141 2796 1246 2861 etiam
1275 2796 1368 2862 filio⁰
1395 2797 1453 2862 vel

332 2884 456 2948 sororis
489 2883 739 2968 relinquantur,
778 2884 947 2967 equaliter
985 2905 1064 2949 cum
1097 2885 1265 2949 fratribus
1297 2885 1452 2950 veniant.

330 2972 422 3036 Nam
448 2974 579 3036 iustum
606 2972 745 3036 omnino
774 2977 835 3050 est,
866 2975 917 3050 ut,
948 2993 1032 3055 quos
1060 2974 1300 3058 propinquitas
1326 2977 1454 3038 nature
1573 3035 1577 3044 .

332 3061 514 3140 consociat,
538 3061 746 3126 hereditarie
769 3061 993 3126 successionis
1016 3063 1100 3128 ordo
1122 3082 1193 3126 non
1215 3061 1359 3128 dividat.

748 3247 785 3306 x.
814 3245 1024 3319 innocua.

331 3360 456 3437 Item,
481 3361 595 3423 utin
615 3380 778 3425 omnem
801 3360 1097 3425 hereditatem
1120 3361 1284 3425 femina
1307 3361 1455 3446 accipi

331 3447 503 3525 debeat;
525 3441 592 3513 etb
612 3450 738 3531 quod,
760 3448 833 3532 qui
853 3448 1009 3533 gradu⁰
1030 3449 1218 3513 alterum
1238 3450 1451 3533 precedit,

468 3535 549 3601 ille
579 3537 900 3602 successionem
929 3536 1121 3602 vicinior
1150 3538 1308 3621 capiat.

437 3641 512 3705 Has
542 3643 767 3721 hereditates,
798 3663 864 3726 que
894 3663 916 3707 a
944 3645 1101 3707 materno
1131 3663 1256 3727 genere
1285 3643 1455 3708 venienti-

331 3730 404 3806 bus,
429 3731 499 3794 sive
516 3730 694 3795 avunculis
718 3731 788 3796 sire
807 3731 1021 3795 consubrinis
1045 3752 1106 3796 seu
1121 3731 1325 3810 materteris,
1349 3729 1454 3796 relin-

331 3821 467 3895 ountur‘,
498 3819 602 3882 etiam
632 3814 782 3884 femine‘1
809 3839 887 3884 cum
909 3819 989 3898 illis,
1020 3819 1080 3903 qui
1102 3820 1139 3883 in
1162 3841 1231 3883 uno
1254 3819 1452 3904 propinqui-

330 3906 414 3970 tatis
448 3907 559 3989 gradu
593 3907 731 3990 equales
765 3911 859 3985 sunt,
896 3907 1065 3991 equaliter
1097 3908 1304 3992 partiantur.
1358 3907 1451 3972 Nam

331 4014 467 4058 omnem
497 3995 726 4060 hereditatem
755 3996 816 4079 qui
845 3998 975 4080 gradu⁰
1008 3995 1157 4060 alterum
1186 3996 1361 4081 precedit⁰
1394 3995 1454 4060 ob·

329 4083 477 4147 tineat⁰.

437 4289 488 4332 vn.
529 4291 551 4339 a)
564 4291 621 4330 deest
634 4291 681 4334 ΒΞ.
734 4291 759 4344 b)
772 4295 894 4332 matertera
907 4292 954 4335 ΕΙ.

437 4342 500 4385 VIIL
527 4343 1066 4392 amariuschindasvinthusrsxm.
1107 4344 1276 4393 minimi.
1317 4343 1454 4394 enaiim,

437 4395 513 4440 VIIII.
552 4399 574 4445 s)
588 4397 691 4438 ariorum
704 4399 752 4441 131.
805 4395 871 4448 b)ad
885 4397 931 4438 illio
944 4398 991 4442 Bt.
1046 4400 1066 4446 c)
1080 4397 1127 4438 fillo
1141 4409 1197 4441 corr.
1211 4397 1252 4438 dlii
1265 4398 1313 4442 ΕΙ.

357 4449 657 4544 Ἡῖἰωιηεὲειω.
710 4451 835 4502 1))οοΒ,1.
886 4449 1070 4501 onradumltl.
1125 4449 1309 4504 d)lemlnls121.
1364 4453 1454 4501 e)pre·

330 4511 441 4544 couno
491 4507 545 4542 eant
585 4506 605 4548 1.
1086 4545 1091 4557 ,
