3264 5206
375 563 453 620 LEX
470 563 587 620 VISIG.
605 562 875 620 Reconssvmn.
911 563 948 632 V,
965 567 991 632 4,
1005 566 1118 621 13-16.
1256 565 1309 620 155

190 748 415 834 perceperint,
440 748 492 811 ita
509 748 724 831 perrenniter
739 747 838 810 firma
854 746 1052 822 subsistant,
1077 749 1127 822 ut,
1152 745 1181 809 si
1204 745 1309 809 domi-

189 858 254 902 nus
284 837 438 902 eiusdem
468 837 557 901 servi
583 835 638 901 vel
669 835 804 913 ancille,
836 835 895 918 qui
917 835 1083 913 vendidit,
1115 834 1308 898 rescindere

113 978 115 984 ,
152 929 155 932 ’
188 927 423 992 venditionem
453 925 563 1008 ipsam
589 925 748 1002 voluerit,
779 945 841 989 seu
867 944 949 1001 rem,
980 942 1046 1006 que
1072 923 1215 988 vendita
1245 925 1307 999 est,

189 1036 259 1080 non
291 1015 380 1079 servi
409 1012 597 1098 peculium,
633 1013 693 1078 sed
728 1013 782 1077 sui
816 1032 889 1077 esse
918 1012 1050 1096 proprii
1080 1010 1224 1076 dominii
1253 1011 1309 1075 ad-

191 1103 349 1180 semerit,
379 1122 450 1166 non
480 1101 581 1166 aliter
609 1101 757 1166 vinditio
786 1101 1012 1178 rescindatur,
1047 1100 1114 1164 nisi
1143 1098 1218 1178 ille,
1250 1099 1309 1182 qui
1388 1141 1391 1147 -

190 1191 452 1258 rescindendam
473 1191 709 1256 venditionem
731 1189 902 1275 proponit,
931 1193 992 1254 aut
1015 1209 1077 1274 per
1099 1191 1205 1253 testes
1228 1187 1310 1271 legi·

190 1281 293 1344 timos
320 1280 470 1364 aut'per
498 1282 751 1344 sacramentum
779 1297 888 1356 suum,
917 1298 988 1342 non
1011 1277 1101 1342 servi
1123 1275 1308 1361 peculium,

192 1370 251 1434 sed
280 1389 381 1433 suum
410 1368 587 1453 proprium
618 1368 741 1433 doceat
770 1387 857 1444 esse,
889 1367 981 1450 quod
1011 1366 1138 1448 querit,
1170 1369 1207 1430 et
1236 1365 1309 1430 sine

190 1457 381 1523 volumtate
411 1477 474 1521 sua
502 1456 683 1522 venditum
710 1456 833 1533 tuisse,
870 1455 962 1538 quod
991 1454 1171 1538 adquirere
1202 1453 1308 1537 cupit.

192 1547 237 1611 Et
259 1547 326 1611 hoe
348 1545 488 1629 quidem
511 1546 554 1610 de
576 1545 703 1610 vilibus
726 1548 763 1611 et
784 1544 899 1629 parvis
921 1543 1040 1620 rebus;
1068 1563 1150 1606 nam
1178 1543 1220 1607 de
1243 1562 1311 1605 ma-

192 1635 320 1700 ioribus
343 1637 380 1698 et
401 1634 601 1699 necessariis
624 1634 662 1697 in
682 1633 813 1698 domini
836 1634 1009 1718 potestate
1032 1631 1099 1696 erit
1120 1631 1310 1714 infringere

193 1727 253 1788 aut
276 1721 431 1788 stabilire
453 1723 642 1807 negotium.

576 1891 674 1949 xrm.
705 1890 918 1962 ANTIQUAa.

237 2007 281 2070 Si
315 2026 466 2071 servus
499 2005 708 2071 venditus
745 2005 790 2068 in
824 2004 1014 2089 priorem
1049 2003 1266 2067 dominum

566 2094 729 2160 crimen
759 2093 937 2158 obiciat.

1321 2189 1469 2232 —coutua

300 2201 337 2264 Si
365 2200 442 2284 quis
473 2221 607 2265 servum
643 2220 743 2264 suum
771 2199 981 2276 vendiderit,
1017 2202 1053 2263 et
1086 2197 1160 2282 ipse
1195 2215 1347 2262 servus-
1369 2243 1415 2286 aaa.

193 2290 299 2373 priori
328 2289 467 2354 domino
496 2282 662 2373 aliquodb
690 2289 819 2353 crimen
846 2287 1021 2365 obiecerit,
1052 2286 1123 2363 ille,
1153 2285 1214 2369 qui
1234 2306 1312 2350 ven·

195 2379 291 2456 didit,
316 2379 462 2463 recipiat
485 2398 587 2461 quem
608 2378 822 2456 vendiderat,
851 2377 1002 2461 pretium
1024 2373 1224 2440 redditurus
1248 2395 1313 2438 em-

192 2468 270 2546 tori,
301 2470 361 2530 ut⁰
389 2467 462 2550 ipse
485 2467 522 2530 in
545 2487 642 2531 servo
666 2486 727 2531 suo
751 2465 890 2544 crimen,
921 2465 1014 2592 quod
1044 2464 1110 2529 sibi
1139 2462 1314 2535 obiectum

194 2559 255 2634 est,
284 2556 456 2640 inquirere
478 2554 535 2620 vel
557 2554 733 2620 vindicare
760 2554 914 2619 istudeat
945 2600 953 2616 .
1000 2551 1044 2616 Id
1072 2555 1188 2616 autem
1212 2551 1313 2616 etde

195 2644 330 2709 ancillis
364 2644 572 2728 precipimus
607 2643 783 2708 custodiri.
835 2643 935 2707 Idem
964 2645 1083 2706 tamen
1112 2659 1229 2705 servus
1258 2639 1314 2704 vel

196 2732 332 2811 ancilla,
361 2752 422 2797 seu
443 2732 585 2810 venditi,
615 2732 685 2797 sive
709 2732 830 2796 donati
851 2730 907 2796 vel
931 2729 1143 2807 commutati,
1167 2729 1204 2791 iu
1227 2727 1315 2812 prio·

195 2843 272 2885 rum
299 2821 516 2886 dominorum
540 2821 653 2906 capite
675 2841 746 2885 non
767 2822 1004 2903 torqueantur,
1035 2837 1147 2900 neque
1177 2817 1314 2880 credan-

194 2913 253 2974 tur
276 2911 334 2988 eis,
359 2909 389 2974 si
411 2909 583 2994 prioribus
607 2909 754 2973 dominis
778 2909 908 2974 crimen
930 2907 1130 2972 obiecerint.

598 3095 662 3155 xv.
693 3095 905 3167 nanicula.

196 3210 251 3275 Ut
280 3211 396 3276 servi
423 3210 597 3276 venditi
626 3210 892 3275 facul-tatem
919 3208 1118 3274 dominus
1149 3209 1313 3291 querat.

304 3316 432 3400 Siquis
448 3337 584 3382 servum
600 3337 701 3380 suum
716 3316 919 3393 vendiderit,
944 3315 1018 3380 eius
1037 3313 1193 3379 nesciens
1207 3311 1315 3376 iacul-
1324 3319 1350 3339 ²
1361 3303 1473 3401 &gs-Eur·

196 3408 319 3483 tatem,
350 3405 494 3470 habebit
523 3406 721 3489 inquirendi
750 3405 895 3470 liberam
925 3405 1147 3487 potestatem,
1178 3404 1219 3464 ut
1249 3400 1315 3464 sibi

196 3493 447 3648 fficssgngffi'
481 3495 541 3578 qui
570 3494 742 3595 vendidit,
769 3513 847 3557 oum
877 3492 1030 3577 potuerit
1059 3490 1213 3556 invenire
1243 3509 1316 3554 rem

592 3751 671 3809 rvr.
702 3751 916 3822 runcone.

204 3887 205 3890 ¹
243 3895 244 3898 ¹
334 3864 378 3929 Si
402 3885 551 3930 servus
575 3866 634 3930 sit
657 3866 707 3930 de
731 3885 805 3929 suo
829 3862 1004 3949 peculio
1029 3865 1178 3927 emtus.

1326 3958 1474 4000 -cocnur,

305 3963 366 4035 Sib
402 3991 519 4036 servus
554 3972 596 4036 de
628 3992 689 4036 suo
719 3970 855 4056 peculio
885 3969 993 4034 fuerit
1023 3971 1148 4045 emtus,
1185 3970 1221 4031 et
1251 3967 1352 4030 hoc*
1373 4013 1420 4054 292.

199 4059 358 4123 dominus
388 4060 461 4124 eius
490 4059 582 4124 forte
611 4059 787 4138 nescierit,
823 4058 866 4122 de
897 4057 1027 4122 domini
1061 4056 1115 4120 sui
1144 4058 1317 4140 potestate

198 4165 268 4212 non
292 4150 406 4226 exeat3
432 4149 513 4230 quia
528 4169 598 4213 non
613 4149 773 4232 pretium,
799 4147 858 4212 sed
881 4166 936 4210 res
959 4145 1048 4210 servi
1071 4145 1125 4208 sui
1148 4143 1316 4220 dominus,

200 4236 282 4299 dum
304 4235 451 4320 ignorat,
477 4237 620 4322 aceepit.

306 4443 382 4488 XIIII.
422 4443 578 4493 a)dcestR2.
631 4443 744 4496 b)aliquo
758 4444 805 4487 121.
860 4444 880 4492 c)
895 4446 918 4482 et
932 4442 978 4484 131.
1033 4438 1056 4489 d)
1070 4436 1222 4482 studenter.

306 4498 366 4594 gl.
394 4498 561 4599 ²³)daeefstsslt2l.
629 4550 652 4599 b)
666 4550 723 4590 dccet
736 4553 806 4589 textae
819 4549 884 4588 curua
897 4549 975 4597 capitis
988 4557 1035 4586 cum
1049 4546 1138 4584 rubrica
1151 4544 1257 4594 aequentle
1270 4544 1290 4581 R
1299 4543 1319 4586 2.
