3198 5202
326 553 404 608 LEX
422 553 538 610 VISIG.
557 553 827 610 REGOESSVIND.
865 554 947 622 VIII,
966 559 1103 624 3,14.15.
1220 561 1272 614 241

151 736 250 799 nulla
284 737 457 800 calumnia
491 740 680 801 moveatur.
736 736 837 816 Quod
871 738 900 801 si
935 739 978 802 de
1013 733 1173 803 domums
1211 744 1273 803 aut

153 825 338 890 clausurag
368 826 575 890 involaverit
605 829 666 889 aut
696 847 757 910 per
783 820 975 890 violentiah
1004 822 1162 904 tulerit¹,
1193 832 1272 892 octo

152 913 280 977 solidos
310 915 369 997 qui
398 915 560 978 iniuriam
594 914 740 998 pertulit
775 918 1012 998 consequatur,
1047 919 1082 981 61
1114 920 1273 1000 preterea

152 1003 298 1086 duplum
321 1004 484 1066 damnum
507 1003 577 1080 ille,
609 1004 669 1086 qui
692 1003 847 1080 abstulit,
878 1005 1020 1068 reddere
1044 1005 1271 1088 conpellatur.

152 1091 189 1154 Si
204 1112 285 1155 vero
301 1112 418 1156 servus
433 1093 499 1155 hoc
515 1092 648 1168 fecerit,
666 1102 687 1157 0
703 1092 842 1176 flagella
857 1093 1032 1176 suscipiat,
1057 1097 1093 1158 et
1114 1095 1271 1157 dominus

152 1180 225 1244 eius
248 1180 338 1243 nihil
362 1181 490 1244 damni
504 1181 683 1245 sustineat.

554 1316 618 1371 XV.
649 1315 825 1386 ANTIQUA
835 1327 861 1370 c,

151 1411 211 1474 De
240 1410 506 1474 animalibus
533 1412 576 1474 in
599 1411 742 1487 vinea,
768 1431 906 1535 lmesse
929 1412 998 1476 vel
1027 1415 1154 1495 prato
1182 1433 1271 1495 per-

614 1500 760 1564 ventis
791 1547 798 1561 .

260 1605 318 1669 Sil
347 1606 423 1688 quis
452 1607 489 1668 in
511 1607 646 1670 vineam
677 1626 783 1684 suam,
815 1627 932 1684 messe,
963 1600 1088 1691 pratob
1115 1607 1170 1671 vel
1194 1611 1270 1672 orto

150 1695 307 1758 iumenta
340 1695 391 1759 vel
429 1714 553 1779 pecora
587 1695 759 1759 invenerit
798 1698 882 1758 1111ο
922 1696 1111 1780 prenderit,
1152 1697 1270 1758 statim

151 1783 290 1846 domino
318 1784 487 1866 pecodum
513 1784 589 1867 ipsa
618 1787 680 1846 aut
708 1784 818 1848 altera
841 1784 897 1848 die
918 1785 1142 1847 nuntiaturus
1165 1784 1270 1848 inclu-

151 1872 222 1934 dat.
275 1870 376 1950 Quod
410 1872 439 1934 si
473 1872 631 1935 dominus
665 1878 854 1955 9660111111ει
892 1873 1031 1936 mittere
1064 1872 1120 1936 vel
1153 1873 1270 1937 venire

150 1959 312 2036 noluerit,
338 1961 501 2023 damnum
525 1960 691 2037 avicinis,
716 1962 808 2044 quod
830 1962 964 2025 lactum
988 1965 1049 2038 est,
1074 1961 1268 2038 extimetur,

151 2051 187 2113 et
218 2049 262 2111 ad
292 2048 564 2112 satisfactionem
593 2048 663 2126 ille,
695 2050 792 2113 cuius
822 2070 946 2134 pecora
975 2050 1115 2126 fuerint,
1146 2050 1270 2114 iudicis

150 2137 353 2202 executione
367 2137 484 2202 venire
505 2141 649 2221 cogatur
669 2141 705 2202 et
728 2139 891 2201 damnum
911 2139 1057 2203 exolvat.
1094 2138 1131 2202 Si
1153 2141 1270 2202 tamen

150 2221 369 2310 probaveritd
396 2229 457 2289 aut
481 2229 572 2290 certe
595 2227 761 2290 iuraverit
783 2226 852 2303 1116,
882 2228 941 2310 qui
964 2228 1150 2311 prendidit,
1180 2228 1270 2290 dam-

149 2335 235 2377 num
257 2315 371 2398 ipsum
394 2315 437 2378 ab
459 2315 544 2399 ipsis
567 2315 774 2379 animalibus
796 2316 929 2379 factum
952 2315 1068 2392 fuisse,
1095 2315 1155 2380 ille
1177 2337 1268 2392 vero,

151 2404 248 2467 cuius
286 2423 410 2487 pecora
449 2406 543 2481 sunt,
585 2405 614 2468 si
652 2405 697 2468 ad
735 2405 1014 2469 extimationem0
1054 2405 1171 2468 damni
1209 2408 1270 2467 aut

150 2511 275 2575 pecora
297 2493 496 2576 recipienda
517 2513 588 2556 non
602 2493 744 2568 venerit,
770 2494 986 2576 adaquentur
1008 2493 1270 2557 tantummodo²

151 2601 191 2644 ac
224 2581 342 2644 triduo
376 2584 561 2645 teneantur
594 2575 765 2658 inclusaf;
809 2585 844 2645 et
878 2602 940 2665 pro
973 2582 1118 2645 retentis
1150 2581 1269 2645 triduo

150 2669 330 2752 pecoribus
352 2669 486 2732 nullam
507 2669 714 2734 calumniam
736 2670 865 2734 inferre
888 2670 1016 2753 poterit
1039 2670 1098 2752 qui
1121 2671 1165 2732 ad
1188 2670 1270 2734 exti-

151 2758 361 2821 11111116116111θ
402 2759 544 2821 (11111111ει
581 2759 697 2823 venire
735 2758 933 2823 neclexerit.
993 2758 1076 2821 Post
1114 2758 1269 2821 triduum

151 2849 268 2910 autem
297 2847 460 2910 animalia
490 2847 721 2923 dimittantur,
751 2850 787 2912 61
818 2847 965 2910 dimissis
993 2846 1208 2924 animalibus,
1240 2847 1269 2909 si

151 2935 309 2998 dominus
332 2955 450 2998 eorum
472 2936 589 2999 venire
613 2935 842 3012 contemserit,
872 2955 934 3020 pro
958 2937 1158 2999 contemtog
1183 2935 1267 3019 ipso,

150 3023 231 3106 quia
253 3024 421 3108 inspicere
444 3024 567 3100 noluit,
591 3024 690 3088 iuxta
712 3024 965 3088 estimationem
987 3024 1130 3088 testium
1153 3024 1190 3086 in
1210 3025 1268 3087 du·

149 3112 247 3195 plum
270 3115 414 3196 cogatur
437 3113 603 3177 exolvere.
640 3112 740 3191 Quod
763 3114 792 3177 si
813 3113 884 3189 ille,
909 3113 1006 3176 cuius
1030 3132 1154 3195 pecora
1177 3115 1267 3185 sunt,

151 3201 299 3277 adeum,
320 3201 376 3265 cui
399 3202 564 3265 damnum
586 3202 797 3277 factumest,
814 3201 957 3279 venerit,
982 3221 1107 3284 rogans
1123 3221 1210 3278 eum,
1228 3204 1268 3263 ut

151 3289 194 3351 ad
218 3289 476 3354 extimationem
500 3291 618 3353 damni
640 3283 824 3366 adcedath,
849 3293 890 3352 ut
913 3310 1037 3375 pecora
1059 3289 1266 3365 relaxentur,

151 3380 186 3441 et
207 3377 269 3442 ille
291 3399 361 3441 non
385 3379 593 3461 adquiescat,
617 3379 736 3443 volens
759 3399 883 3463 pecora
906 3379 978 3442 eius
1001 3379 1209 3442 interficere:
1240 3378 1269 3440 si

150 3467 216 3530 hoc
246 3467 296 3529 ita
325 3467 447 3531 fecisse
478 3467 702 3543 convincitur,
738 3487 800 3551 per
829 3467 966 3550 singula
995 3467 1110 3550 capita
1139 3466 1269 3529 maiora

151 3555 303 3638 singulos
331 3555 458 3619 solidos
485 3557 619 3633 reddat,
650 3577 711 3640 per
734 3556 867 3620 minora
890 3556 1005 3640 capita
1028 3556 1181 3638 singulos
1203 3558 1268 3619 tre·
1363 3611 1368 3621 .

150 3644 278 3707 misses.
326 3643 493 3708 Similiter
519 3646 584 3708 hec
607 3645 663 3708 lex
686 3645 841 3709 continet
864 3648 900 3708 et
923 3645 966 3708 de
989 3643 1069 3720 illis,
1100 3644 1160 3768 qui
1187 3646 1268 3707 ante

147 3732 304 3795 triduum
334 3753 458 3816 pecora
485 3733 601 3796 clausa
630 3754 700 3797 non
727 3726 1015 3817 publicaverintl.
1063 3732 1099 3796 si
1152 3734 1268 3796 autem

150 3821 216 3884 hoc
251 3840 368 3885 servus
401 3821 525 3886 fecerit
559 3822 632 3885 sine
667 3821 796 3884 domini
830 3821 1035 3898 volumtate,
1074 3831 1096 3886 ο
1129 3820 1269 3903 flagella

150 3909 315 3993 suscipiat
337 3913 374 3974 61
396 3909 555 3973 dominus
578 3911 650 3974 eius
673 3910 762 3973 nihil
785 3911 903 3974 damni
927 3910 1105 3974 sustineat.

256 4043 353 4093 odomo
368 4047 416 4088 122.
470 4049 493 4096 9)
508 4046 584 4086 clauso
597 4047 646 4088 122.
700 4047 724 4095 h)
738 4047 869 4087 vlolentium
883 4047 932 4089 122.
986 4048 1002 4096 i)
1017 4047 1170 4088 tulerintltl.

256 4099 302 4141 XV.
343 4101 365 4147 a)
379 4101 435 4139 deest
449 4101 496 4143 Rs.
556 4101 580 4148 11)
593 4100 709 4149 perventis
723 4121 750 4128 -
763 4105 829 4150 prato
843 4101 886 4142 dcc.
899 4101 952 4150 121;
973 4100 1078 4150 perventi
1091 4100 1140 4142 Bt.
1194 4101 1215 4148 c)
1229 4104 1269 4139 aut

149 4163 182 4200 pr.
196 4153 239 4194 tes.
253 4152 302 4194 122.
349 4150 373 4201 d)
386 4152 517 4202 probaberlt
530 4153 578 4195 Ra.
626 4154 826 4201 aestimationem
841 4154 889 4195 122.
936 4153 1069 4202 oinclausa
1083 4153 1131 4195 Ru.
1179 4155 1269 4202 9)(1011-

150 4209 212 4245 tento
226 4206 273 4248 31.
327 4206 352 4254 11)
365 4204 518 4249 accedatltl.
572 4206 589 4254 l)
603 4206 754 4256 publicaverit
767 4208 814 4249 121.
868 4206 947 4256 1113111
960 4207 1009 4250 122.

150 4311 176 4378 1)
188 4313 230 4377 Cf.
243 4328 328 4380 supro
343 4314 446 4380 91240,
463 4329 490 4368 u.
503 4315 529 4366 2.
559 4313 599 4364 De
616 4315 677 4380 ipsu
695 4329 733 4378 rc,
752 4328 819 4378 quac
834 4314 973 4380 statuitur,
992 4314 1027 4377 cf.
1040 4313 1131 4364 thdc
1148 4314 1178 4364 tn
1192 4313 1232 4366 ‘Z.
1246 4313 1267 4376 f.

149 4384 183 4436 D.
195 4383 240 4437 R)
252 4383 275 4449 I,
291 4400 320 4450 p.
334 4386 386 4439 229
399 4400 469 4452 sqq.,·
487 4383 578 4450 Dabu,
591 4384 698 4450 ‘Wcstffi
709 4383 796 4438 Stud!
811 4385 969 4450 9184199,-
992 4385 1128 4449 Bruunor,
1143 4384 1186 4437 ‘D.
1196 4383 1268 4437 Rs!

148 4454 188 4520 ΙΙ,
206 4456 308 4522 91531,
380 4454 409 4521 2)
425 4455 477 4509 Eu.
490 4454 569 4510 Roth.
582 4456 648 4510 346:
667 4471 738 4520 aqua
756 4457 863 4506 tontum
883 4454 908 4506 ei
926 4453 966 4506 dit
982 4455 1026 4523 (=
1041 4453 1109 4522 det);
1128 4455 1163 4519 cf.
1177 4455 1268 4506 Wiutu

149 4525 201 4579 11.
218 4527 330 4592 91238)
350 4526 456 4592 Germ,
477 4526 593 4578 ‘Humor
610 4527 648 4578 im
668 4525 703 4578 D.
723 4525 818 4577 Rccbt’
833 4542 862 4592 p.
875 4527 919 4581 52.

229 4631 273 4673 11,
283 4631 353 4680 visig.
367 4635 414 4674 111
1020 4632 1054 4686 16
