3198 5202
341 537 420 591 unx
437 536 553 593 vrsrc.
572 537 840 594 aucenssvmn.
877 538 959 607 vm,
981 542 1006 607 4,
1026 543 1068 595 23.
1088 543 1131 594 24.
1249 542 1300 604 251

178 721 333 785 tenderit
363 741 423 784 seu
454 720 610 784 ballistas
640 722 677 783 in
707 721 791 785 locis
819 722 960 785 secretis
983 721 1038 785 vel
1062 722 1216 797 desertis,
1240 721 1301 785 ubi

179 811 236 873 via
258 809 357 872 nulla
381 812 442 885 est,
472 829 538 891 que
561 831 632 872 non
656 814 879 874 consueverat
901 810 1124 892 frequentari,
1153 830 1216 872 uec
1240 809 1301 873 ubi

180 899 350 982 pecodum
385 898 493 981 possit
527 918 599 962 esse
635 918 806 975 accessus;
843 899 872 960 si
904 898 1049 962 alicuius
1080 897 1207 960 animal
1240 918 1301 980 per

180 988 271 1050 hanc
287 987 527 1064 occassionem,
541 1007 607 1070 que
624 988 668 1049 ad
683 987 774 1050 feras
791 988 987 1070 adparatur,
1001 988 1224 1070 extinguatur
1240 989 1301 1049 aut

180 1077 368 1151 occidatur,
398 1095 511 1158 pecus,
541 1076 633 1158 quod
657 1075 769 1159 periit,
796 1076 958 1139 incautus
980 1079 1124 1139 venator
1147 1075 1298 1151 exolvat;

180 1165 261 1246 quia
285 1165 480 1247 quadrupes
504 1164 569 1227 sibi
592 1157 692 1228 eamb
720 1164 842 1228 cabere
869 1185 939 1226 non
962 1164 1086 1248 potuit.
1134 1162 1300 1227 Homines

179 1273 261 1316 vero
291 1253 464 1336 proximos
487 1253 542 1316 vel
564 1253 695 1316 vicinos
717 1256 861 1316 venator
884 1255 984 1316 ante⁰
1014 1256 1233 1329 conmoneat;
1265 1255 1301 1316 et

180 1342 209 1404 si
232 1344 312 1425 post
327 1335 573 1404 monitionem(1
592 1342 772 1423 quisquam
795 1341 851 1405 iu⁰
872 1341 936 1405 hec
959 1342 1119 1404 incautus
1143 1341 1298 1418 inruerit,

179 1429 269 1492 nihil
293 1450 334 1493 ex
358 1431 424 1493 hoc
447 1429 618 1493 calumnie
640 1431 796 1494 venatori
819 1433 957 1514 oportet
987 1430 1123 1514 opponi,
1155 1430 1235 1512 quia
1265 1450 1300 1494 se

178 1518 240 1582 illc
264 1517 427 1602 periculo,
452 1519 511 1600 qui
535 1511 810 1582 commonitiones
836 1518 956 1582 audire
978 1519 1138 1594 neclexit,
1163 1518 1299 1582 obiecit.

180 1607 217 1670 Si
241 1607 317 1689 quis
340 1626 420 1670 vero
451 1607 494 1670 de
524 1606 608 1670 locis
638 1607 935 1690 longinquioribus
962 1607 1111 1684 veniens,
1143 1607 1202 1690 qui
1231 1628 1301 1671 non

180 1696 298 1759 iuerat
321 1697 402 1778 ante
426 1696 651 1770 conmonitus,
683 1696 845 1778 ignorans
872 1695 1035 1759 inciderit
1057 1698 1093 1760 et
1115 1695 1223 1759 fuerit
1247 1696 1300 1759 de-

181 1784 340 1848 bilitatus
357 1786 418 1846 aut
434 1787 598 1861 mortuus,
624 1784 716 1860 hisss,
741 1785 801 1866 qui
816 1784 899 1848 feris
922 1784 1064 1847 insidias
1082 1784 1137 1848 vel
1160 1784 1300 1866 laqueos

181 1873 392 1956 preparavit,
426 1873 567 1936 tertiam
602 1875 735 1956 partem
768 1873 1014 1956 conpositionis
1049 1873 1198 1948 exolvat,
1234 1893 1300 1955 que

180 1961 297 2024 fuerat
327 1961 495 2024 hactenus
525 1953 742 2024 debilitatish
769 1961 966 2024 hominibus
989 1954 1061 2025 vel¹
1092 1955 1238 2025 occisisk
1264 1962 1301 2023 in

180 2049 316 2133 legibus
347 2043 616 2132 conprehensa¹;
652 2050 733 2131 quia
765 2050 803 2111 in
837 2050 960 2114 itinere
995 2050 1204 2112 homiuumm
1235 2049 1300 2113 hoc

180 2136 375 2221 periculum
396 2138 629 2202 nescientibus
653 2158 820 2221 apparare
843 2159 914 2201 non
937 2138 1068 2202 debuit.

554 2290 680 2346 xxrm.
711 2289 926 2360 ANTIQUAa.

236 2402 297 2466 De
329 2403 496 2466 damnis
526 2404 613 2467 iter
643 2403 867 2487 publicum
899 2397 1239 2468 claudentiumb.

288 2508 347 2571 Sil
370 2509 437 2574 iter
459 2509 638 2592 publicum
655 2509 809 2572 clausum
825 2509 880 2587 sit,
904 2509 1164 2593 rumpentibus⁰
1185 2531 1300 2594 sepem

180 2601 242 2661 aut
275 2597 408 2662 vallum
441 2597 539 2662 nulla
573 2598 746 2661 calumnia
780 2601 967 2663 moveatur.
1019 2598 1085 2661 Ille
1115 2618 1205 2675 vero,
1241 2600 1300 2681 qui

179 2687 271 2750 viam
299 2686 485 2762 clauserat,
517 2707 583 2768 que
613 2689 836 2750 consueverat
865 2686 1093 2769 frequentari,
1125 2687 1153 2749 si
1183 2707 1301 2750 servus

180 2778 241 2851 est,
267 2796 288 2838 a
311 2775 425 2840 iudice
441 2776 652 2858 perducatur
668 2776 712 2838 ad
728 2795 853 2858 sepem,
878 2778 913 2839 et
937 2785 958 2840 0
981 2774 1120 2857 flagella
1136 2775 1301 2859 suscipiat

180 2866 215 2927 et
238 2884 302 2946 per
325 2863 577 2927 districtionem
606 2863 730 2927 iudicis
758 2864 906 2947 priorem
928 2863 1019 2926 viam
1043 2864 1176 2946 aperire
1204 2885 1300 2947 coga-

179 2955 247 3028 tur,
280 2953 383 3015 etiam
416 2952 444 3015 si
474 2947 621 3016 messes(l
647 2952 776 3016 ibidem
800 2971 872 3016 csse
894 2953 1112 3016 videanturi.
1160 2951 1197 3015 Si
1218 2973 1299 3016 vero

179 3040 215 3102 id
230 3040 340 3104 fuerit
356 3062 377 3103 a
392 3033 608 3123 potentioref
628 3041 843 3116 conmissum,
869 3041 1052 3123 exigantur
1068 3040 1099 3103 ci
1116 3040 1217 3103 solidi
1232 3052 1297 3105 XX.

178 3128 325 3211 Relique
358 3132 475 3193 autem
508 3149 652 3212 persone
686 3129 773 3192 talia
807 3129 1051 3192 conmittcntes
1085 3134 1140 3192 Xss
1172 3129 1299 3192 solidos

179 3216 337 3281 exolvere
354 3217 611 3300 conpellantur;
636 3217 687 3280 ita
709 3220 750 3280 ut
772 3218 908 3281 homnis
924 3217 1027 3279 huius
1041 3217 1092 3281 rei
1108 3217 1299 3300 conpositio

179 3306 253 3368 fisci
276 3306 407 3369 viribus
430 3305 610 3370 inferatur.

287 3478 310 3527 b)
324 3488 352 3517 ee
366 3477 414 3519 122.
469 3478 490 3523 c)
503 3477 629 3519 arurae.
683 3476 707 3524 d)
721 3475 955 3519 admonitionomm.
1010 3479 1031 3525 e)
1045 3479 1101 3516 deest
1115 3478 1161 3520 Rl.
1215 3479 1300 3525 occu·

179 3531 326 3570 monitionem
340 3531 389 3572 ΒΞ.
436 3532 458 3579 g)
472 3531 529 3568 deest
542 3530 591 3573 ΒΞ,
639 3531 663 3578 h)
677 3529 807 3570 debilitatus
822 3531 870 3572 ΒΞ.
884 3531 932 3572 El,
980 3530 997 3582 i)
1010 3531 1299 3570 vol—itinerehominum

178 3585 221 3626 dec.
236 3585 283 3626 ΕΙ,
325 3583 348 3631 lx)
362 3583 493 3625 occtslltt.
534 3583 703 3632 ilconpreense
717 3585 765 3626 Ra.
813 3586 843 3630 m)
857 3584 985 3634 itant,
1001 3584 1099 3623 omnium
1113 3585 1167 3634 1223
1182 3586 1239 3622 deest
1253 3584 1299 3625 131.

286 3637 381 3679 XXIIII.
423 3638 445 3685 a)
458 3638 515 3675 dccet
529 3637 578 3678 Ra.
641 3637 665 3685 b)
679 3635 860 3676 concludentium
875 3637 923 3678 ΕΞ.
984 3639 1004 3683 c)
1019 3637 1152 3686 rupentibus
1166 3639 1218 3687 R1;
1240 3648 1300 3676 rum-

178 3688 248 3738 pendi
263 3690 317 3740 1223
339 3690 452 3738 rumpenti
467 3689 544 3732 ΕΗ.
597 3687 621 3737 d)
635 3691 666 3727 cca
680 3691 726 3732 Rl.
741 3691 794 3739 E13
815 3701 887 3729 messe
901 3690 950 3732 ΒΞ,
1005 3691 1199 3741 e)tccR1.El;
1222 3688 1300 3730 videa-

179 3743 279 3784 tursst.
328 3743 520 3793 f)petitore121.
572 3744 595 3792 g)
609 3741 705 3783 decenos
720 3743 804 3784 ΜΕ
812 3744 829 3786 1,

180 3865 206 3932 l)
223 3865 304 3917 Hanc
323 3867 411 3931 legem,
439 3867 497 3917 licet
520 3866 687 3932 ‘cntiqucm’,
714 3873 802 3917 tamen
816 3881 933 3932 prorsus
950 3867 1032 3918 aliter
1049 3867 1135 3918 certic
1152 3874 1301 3933 conceptam

179 3939 262 3999 fuisse
286 3939 316 3987 in
336 3937 427 3988 Codice
445 3937 544 3988 Eurus·
563 3943 637 4003 patet
659 3952 692 3988 ecc
710 3937 778 4002 Lege
796 3937 892 3990 Baius.
918 3953 977 3988 cum
994 3937 1063 4002 Lege
1081 3938 1167 4002 Bury.
1191 3939 1298 4003 collata,

178 4023 245 4073 quac
263 4014 377 4074 utraque
395 4008 446 4058 illa
466 4007 569 4058 Codicis
587 4008 685 4058 Rurici
702 4009 755 4072 lege
772 4009 827 4058 niti
843 4009 955 4060 addar.
987 4008 1029 4071 Cf.
1047 4009 1081 4061 L.
1101 4008 1189 4073 Bury.
1208 4012 1250 4073 27,
1269 4012 1299 4063 3:

179 4116 185 4128 .
200 4120 207 4133 .
221 4120 227 4132 .
241 4077 408 4144 quicumque
419 4077 492 4129 viam
504 4076 643 4144 publicam
656 4079 703 4129 aut
714 4077 858 4129 vicinalem
872 4077 1006 4145 clauserit,
1023 4075 1083 4130 XII
1095 4078 1143 4133 sol.
1156 4095 1184 4130 se
1197 4079 1299 4131 multae

177 4148 289 4200 nomine
308 4147 418 4200 noverit
434 4147 591 4214 inlaturum,
614 4147 654 4200 ita
676 4153 708 4200 ut
725 4147 796 4215 sepis
814 4147 861 4199 illa
878 4147 990 4215 impune
1010 4165 1026 4200 a
1043 4148 1234 4200 transitoribus
1253 4148 1299 4201 de·

177 4223 306 4286 ponatur,
326 4222 354 4271 et
372 4218 475 4285 messis,
494 4222 627 4285 quantum
639 4219 700 4272 viae
712 4217 830 4286 spatium
843 4218 983 4271 continere
995 4222 1115 4286 putatur,
1130 4223 1300 4286 contemtum

178 4291 212 4344 ib,
225 4293 270 4355 27,
285 4293 315 4344 5:
335 4287 365 4341 Si
384 4305 478 4342 servus
496 4289 549 4342 hoc
567 4288 670 4356 lecerit,
689 4287 835 4341 Ofustium
854 4289 924 4341 ictus
943 4289 1066 4357 accipiat.
1081 4332 1087 4344 .
1102 4331 1129 4344 ..
1157 4290 1189 4346 L.
1203 4292 1299 4345 Baiuc.

179 4364 222 4427 10,
238 4363 284 4415 19:
305 4358 335 4413 Si
348 4359 408 4426 quis
420 4359 465 4411 via
483 4360 594 4427 publica
613 4401 639 4415 ..
654 4401 660 4414 .
680 4359 807 4412 clauserit
827 4401 833 4414 .
848 4401 854 4413 .
869 4399 888 4426 .,
908 4376 971 4412 cum
983 4359 1043 4412 XII
1055 4360 1104 4414 sol.
1117 4364 1255 4428 conponat
1273 4364 1301 4414 et

178 4431 253 4483 illam
272 4447 366 4498 sepem
385 4430 478 4497 tollat3
497 4431 532 4484 ib.
546 4433 596 4485 20:
614 4429 656 4483 De
674 4430 718 4482 via
737 4429 904 4482 convicincle
924 4471 929 4484 .
949 4473 955 4485 .
976 4469 994 4498 .,
1014 4430 1062 4497 qui
1080 4447 1140 4483 earu
1160 4473 1208 4486 ...
1228 4432 1300 4484 clau-

178 4502 244 4555 serit
263 4519 326 4554 cum
346 4499 389 4554 VI
408 4501 455 4554 sol.
476 4503 613 4569 conponat
632 4504 660 4553 et
678 4500 790 4568 aperiat.
