3218 5202
331 553 365 607 78
529 549 608 603 Lux
625 547 740 604 VISIG.
759 547 1027 604 Raocsssvlrin.
1064 547 1104 617 Π,
1121 551 1209 618 4,11;
1227 551 1253 605 5.

626 723 677 780 xi.
708 723 905 794 ANTIQUA⁸
926 724 1151 782 amusan.

352 830 434 901 Utb
469 840 624 901 contra
654 840 886 902 extraneos
918 837 1151 922 parentela
1181 840 1223 902 et
1254 837 1427 922 propin·

437 925 583 1008 quitas
613 925 938 990 testimonium⁰
967 926 1141 990 minime
1173 925 1334 990 dicant.

436 1049 583 1127 Fratres,
615 1070 756 1126 sorores,
787 1049 926 1127 uterini,
962 1049 1088 1135 patrui,
1124 1050 1239 1126 amite,
1275 1051 1449 1128 avunculi,

329 1141 514 1203 matertere
544 1139 614 1203 sive
645 1159 762 1204 eorum
793 1138 866 1215 filii,
897 1133 1003 1204 item(1
1030 1159 1145 1224 nepos,
1177 1139 1300 1222 neptis,
1332 1159 1450 1202 consu-

330 1227 421 1292 brini
450 1225 506 1290 vel
536 1227 671 1291 amitini
707 1227 744 1291 in
773 1227 921 1292 iudicio⁰
955 1228 1117 1292 adversus
1147 1229 1326 1292 extraneos
1356 1228 1450 1292 testi-

329 1315 483 1381 monium
512 1315 624 1381 dicere
647 1337 718 1380 non
741 1316 987 1392 admittantur;
1018 1316 1085 1380 nisi
1114 1315 1262 1382 forsitan
1289 1319 1450 1401 parentes

329 1404 482 1470 eiusdem
506 1404 720 1488 cognationis
743 1405 836 1469 inter
858 1425 893 1469 se
917 1404 1015 1469 litem
1038 1405 1233 1468 habuerint.
1477 1424 1504 1460 a.

418 1705 458 1769 V.
476 1703 690 1770 TITULUS:
722 1705 785 1769 DI}
810 1704 1083 1770 SCRIPTURIS
1106 1704 1359 1770 VALITURIS

329 1812 387 1875 ET
410 1810 730 1875 INFIRMANDIS
753 1810 877 1876 HAG*
901 1809 1254 1876 DEFUNO'IORUM
1277 1809 1448 1876 VOLUN-

579 1917 778 1982 TATIBUS
803 1916 1189 1982 OONSORIBIINDIS.

424 2041 454 2104 Ι.
488 2040 614 2120 Quales
639 2042 787 2106 debeant
811 2043 979 2126 scripture
1002 2041 1127 2106 valere.

405 2130 454 2194 ΙΙ.
488 2130 541 2194 De
564 2131 675 2215 pactis
699 2134 735 2195 et
758 2130 896 2214 placitis
920 2123 1210 2195 conscribendIsb.

384 2218 454 2282 III.
489 2218 616 2284 Contra
636 2220 787 2303 priorum
804 2219 1040 2283 definitionem
1055 2218 1127 2283 filio
1143 2219 1199 2284 vel
1218 2219 1338 2283 heredi
1352 2222 1442 2282 none

488 2308 592 2372 liceat
614 2308 740 2372 venire.

364 2395 454 2460 IIII.
488 2395 541 2460 De
570 2397 703 2459 damnis
730 2416 857 2472 eorum,
889 2396 948 2478 qui
972 2397 1092 2460 contra
1115 2398 1217 2479 pacta
1239 2394 1295 2460 vel
1318 2396 1449 2480 placita

488 2505 550 2548 sua
572 2479 709 2550 venirel
737 2485 986 2549 contendunt⁰.

412 2572 453 2636 V.
486 2572 540 2638 Ne
563 2573 702 2637 valeant
726 2573 943 2638 definitiones
966 2573 1022 2637 vel
1046 2573 1176 2657 placita
1198 2593 1383 2638 servorum.

392 2659 453 2726 VI.
487 2661 540 2726 De
563 2662 724 2746 turpibus
747 2665 783 2726 et
805 2661 948 2726 inlicitis
971 2661 1084 2726 rebus.

371 2750 453 2816 VII.
487 2750 540 2815 Ne
564 2751 627 2814 sub
644 2751 745 2814 unius
769 2751 906 2814 nomine
931 2770 1031 2814 cause
1055 2768 1109 2814 res
1133 2750 1202 2814 alia
1223 2750 1278 2815 vel
1301 2770 1447 2835 persona

487 2832 643 2903 callidisf
656 2837 914 2904 definitionibus
929 2838 1117 2922 obligetur;
1137 2834 1212 2922 [deg
1226 2839 1444 2923 peucetiam,

281 2991 283 2994 .
486 2949 552 3011 que
577 2929 622 2991 sit
645 2929 682 2991 in
705 2928 842 3012 placitis
852 2921 881 3009 Β]
906 2928 1099 2992 inserenda.

350 3016 453 3080 VIII.
487 3015 587 3095 Quod
622 3017 732 3080 omnis
767 3017 938 3100 scriptura
969 3015 1024 3080 vel
1060 3008 1249 3093 defluant,
1285 3036 1351 3098 que
1386 3036 1448 3100 per

486 3106 556 3170 vim
587 3108 622 3169 et
652 3109 747 3170 metu
775 3107 909 3169 extorta
936 3104 1053 3180 fuerit,
1077 3104 1191 3169 valere
1215 3124 1285 3168 non
1308 3105 1446 3189 poterit.

331 3193 454 3257 VIIII.
489 3193 563 3271 Que
591 3195 760 3278 scripture
784 3193 897 3258 valere
928 3195 1107 3276 poterunt,
1139 3194 1167 3257 si
1198 3193 1240 3258 ab
1271 3193 1326 3256 his
1352 3193 1446 3257 facte

486 3274 657 3359 fuerinth,
681 3282 741 3365 qui
764 3285 845 3344 sunt
868 3281 905 3344 in
928 3281 1027 3345 annis
1049 3281 1238 3346 minoribus
1255 3281 1446 3345 constituti.

409 3371 452 3434 X.
486 3368 644 3448 Qualiter
674 3369 797 3434 confici
824 3370 880 3434 vel
908 3371 1038 3433 firmari
1067 3363 1274 3460 conveniath
1306 3370 1447 3433 ultimas

486 3459 640 3523 omnium
662 3458 881 3522 volumtates.

389 3547 453 3610 XI.
487 3546 645 3624 Qualiter
674 3547 854 3611 firmentur
881 3540 1106 3611 volumtatesi
1138 3539 1289 3625 eorumh‚
1320 3547 1380 3630 qui
1411 3548 1447 3610 in

486 3636 610 3699 itinere
634 3635 838 3699 moriuntur.
1048 3657 1049 3660 ¹

368 3723 453 3786 XII.
485 3724 536 3788 Ut
565 3724 724 3788 defuncti
751 3717 945 3787 volumtask
979 3727 1059 3788 ante
1090 3745 1148 3788 sex
1178 3744 1310 3788 menses
1340 3745 1447 3788 sacer·

487 3805 586 3876 dotih
612 3812 668 3876 vel
690 3812 838 3876 testibus
861 3806 1094 3895 publicetur¹.

348 3899 454 3963 XIII.
486 3900 539 3964 De
557 3901 846 3985 contropationem
862 3906 1062 3978 manuumfl,
1083 3902 1112 3965 si
1128 3902 1319 3985 scripturan
1338 3904 1448 3964 verta·

485 3990 603 4052 turin
626 3989 804 4054 dubium0.

432 4214 470 4256 XI.
511 4217 533 4262 a)
547 4213 591 4263 aba
605 4214 665 4254 Θῆτα
679 4216 730 4265 R1;
752 4214 797 4262 and
812 4212 931 4255 emendata
946 4215 994 4256 Ra.
1063 4216 1085 4262 b)
1100 4212 1136 4253 Ad
1151 4215 1196 4258 ΕΙ.
1260 4221 1280 4262 Θ)
1295 4214 1447 4254 testimonime

322 4279 366 4316 pro
381 4270 396 4310 t.
410 4267 501 4307 minime
515 4268 563 4310 Bi.
617 4266 640 4316 d)
654 4269 686 4308 ita
700 4279 771 4318 nepus
786 4268 832 4310 ΕΙ.
887 4271 908 4316 Θ)
922 4266 1032 4307 ludiclum
1047 4267 1095 4310 122.

432 4321 489 4364 TIT.
499 4321 525 4363 V.
566 4323 628 4368 Qec
642 4321 692 4362 Bi.
746 4322 768 4369 b)
783 4319 944 4360 conservandis
960 4321 1009 4362 122.
1064 4321 1299 4372 c)n1.v.dca.R2.
1354 4318 1377 4368 d)
1391 4332 1413 4362 v.
1428 4331 1447 4362 c.

325 4375 369 4415 des.
382 4374 431 4416 ΕΞ,
485 4377 506 4422 Θ)
520 4379 667 4414 contemnunt
681 4375 728 4416 Β).
781 4371 1070 4422 occludit-inserenda
1083 4375 1184 4418 deam.
1238 4377 1260 4424 g)
1274 4372 1303 4414 de
1317 4395 1343 4403 -
1357 4374 1447 4422 placitis

326 4427 369 4468 des.
382 4428 447 4466 etiam
461 4428 507 4470 Rl.
561 4428 584 4475 h)
599 4429 684 4476 reliqua
698 4428 798 4466 rubricae
808 4439 866 4476 pore
879 4428 935 4466 decet
949 4427 997 4469 122.
1053 4427 1070 4478 l)
1083 4427 1212 4467 voluntates
1226 4428 1272 4469 ΕΙ.
1329 4427 1353 4474 k)
1367 4428 1448 4466 volun-

327 4484 360 4518 tas
375 4481 421 4523 Β).
484 4480 499 4528 l)
514 4481 619 4520 abscisum
634 4482 679 4522 121.
743 4481 773 4531 rn)
788 4481 964 4530 conprobatione
979 4481 1027 4523 122.
1095 4483 1119 4528 n)
1133 4492 1200 4520 manu
1215 4481 1327 4529 suscripta
1340 4481 1388 4530 121,
1411 4480 1448 4518 uti

325 4533 410 4582 reliquo
423 4534 523 4572 rubricae
533 4545 590 4583 pars
604 4535 672 4582 decen
687 4544 792 4573 manuum
807 4535 920 4583 scriptura
934 4535 983 4576 122.
1038 4537 1060 4582 o)
1074 4531 1143 4574 dubio
1157 4535 1177 4573 R
1186 4535 1204 4576 2.
