<?xml version="1.0" encoding="UTF-8"?>
<!DOCTYPE html PUBLIC "-//W3C//DTD XHTML 1.0 Transitional//EN"
    "http://www.w3.org/TR/xhtml1/DTD/xhtml1-transitional.dtd">
<html xmlns="http://www.w3.org/1999/xhtml" xml:lang="en" lang="en">
 <head>
  <title>
</title>
<meta http-equiv="Content-Type" content="text/html;charset=utf-8" />
  <meta name='ocr-system' content='tesseract 3.04.00' />
  <meta name='ocr-capabilities' content='ocr_page ocr_carea ocr_par ocr_line ocrx_word'/>
</head>
<body>
  <div class='ocr_page' id='page_1' title='image "./legesvisigothor00gaudgoog_0168.png"; bbox 0 0 3264 5206; ppageno 0'>
   <div class='ocr_carea' id='block_1_1' title="bbox 335 513 1267 583">
    <p class='ocr_par' dir='ltr' id='par_1_1' title="bbox 335 513 1267 583">
     <span class='ocr_line' id='line_1_1' title="bbox 335 513 1267 583; baseline -0.004 -9"><span class='ocrx_word' id='word_1_1' title='bbox 335 520 386 574; x_wconf 82' lang='lat' dir='ltr'><strong>ree</strong></span> <span class='ocrx_word' id='word_1_2' title='bbox 517 515 596 570; x_wconf 77' lang='lat' dir='ltr'><strong>nnn</strong></span> <span class='ocrx_word' id='word_1_3' title='bbox 613 513 729 572; x_wconf 83' lang='lat' dir='ltr'><strong>vrsro.</strong></span> <span class='ocrx_word' id='word_1_4' title='bbox 747 513 1016 571; x_wconf 83' lang='lat' dir='ltr'><strong>anccnssvmn.</strong></span> <span class='ocrx_word' id='word_1_5' title='bbox 1053 514 1123 583; x_wconf 90' lang='lat'><strong>1111,</strong></span> <span class='ocrx_word' id='word_1_6' title='bbox 1143 520 1169 583; x_wconf 83' lang='lat' dir='ltr'><strong>a,</strong></span> <span class='ocrx_word' id='word_1_7' title='bbox 1186 519 1218 583; x_wconf 82' lang='lat'><strong>4;</strong></span> <span class='ocrx_word' id='word_1_8' title='bbox 1242 519 1267 571; x_wconf 87' lang='lat'><strong>4.</strong></span> 
     </span>
    </p>
   </div>
   <div class='ocr_carea' id='block_1_2' title="bbox 318 690 1528 3614">
    <p class='ocr_par' dir='ltr' id='par_1_2' title="bbox 318 690 1528 3614">
     <span class='ocr_line' id='line_1_2' title="bbox 334 690 1452 782; baseline -0.003 -18"><span class='ocrx_word' id='word_1_9' title='bbox 334 700 470 776; x_wconf 90' lang='lat' dir='ltr'><strong>sistunt,</strong></span> <span class='ocrx_word' id='word_1_10' title='bbox 496 719 564 781; x_wconf 88' lang='lat' dir='ltr'><strong>quo</strong></span> <span class='ocrx_word' id='word_1_11' title='bbox 587 698 749 762; x_wconf 70' lang='lat' dir='ltr'><strong>extinctis</strong></span> <span class='ocrx_word' id='word_1_12' title='bbox 772 697 913 762; x_wconf 90' lang='lat' dir='ltr'><strong>vocibus</strong></span> <span class='ocrx_word' id='word_1_13' title='bbox 937 718 1055 762; x_wconf 91' lang='lat' dir='ltr'><strong>eorum</strong></span> <span class='ocrx_word' id='word_1_14' title='bbox 1079 718 1145 781; x_wconf 91' lang='lat' dir='ltr'><strong>que</strong></span> <span class='ocrx_word' id='word_1_15' title='bbox 1168 690 1239 762; x_wconf 87' lang='lat' dir='ltr'><strong>illis</strong></span> <span class='ocrx_word' id='word_1_16' title='bbox 1263 702 1452 782; x_wconf 88' lang='lat' dir='ltr'><strong>conpetunt</strong></span> 
     </span>
     <span class='ocr_line' id='line_1_3' title="bbox 332 786 1453 871; baseline -0.002 -20"><span class='ocrx_word' id='word_1_17' title='bbox 332 808 521 870; x_wconf 81' lang='lat' dir='ltr'><strong>numquam</strong></span> <span class='ocrx_word' id='word_1_18' title='bbox 549 786 721 869; x_wconf 81' lang='lat' dir='ltr'><strong>inquirere</strong></span> <span class='ocrx_word' id='word_1_19' title='bbox 743 786 798 851; x_wconf 92' lang='lat' dir='ltr'><strong>vel</strong></span> <span class='ocrx_word' id='word_1_20' title='bbox 821 787 972 869; x_wconf 89' lang='lat' dir='ltr'><strong>recipere</strong></span> <span class='ocrx_word' id='word_1_21' title='bbox 1000 789 1257 871; x_wconf 90' lang='lat' dir='ltr'><strong>permittantur,</strong></span> <span class='ocrx_word' id='word_1_22' title='bbox 1289 788 1384 864; x_wconf 89' lang='lat' dir='ltr'><strong>adeo,</strong></span> <span class='ocrx_word' id='word_1_23' title='bbox 1413 791 1453 850; x_wconf 90' lang='lat' dir='ltr'><strong>ut</strong></span> 
     </span>
     <span class='ocr_line' id='line_1_4' title="bbox 332 874 1451 959; baseline -0.001 -19"><span class='ocrx_word' id='word_1_24' title='bbox 332 876 483 941; x_wconf 91' lang='lat' dir='ltr'><strong>melioris</strong></span> <span class='ocrx_word' id='word_1_25' title='bbox 514 875 679 940; x_wconf 80' lang='lat' dir='ltr'><strong>mercedis</strong></span> <span class='ocrx_word' id='word_1_26' title='bbox 707 877 841 959; x_wconf 91' lang='lat' dir='ltr'><strong>partem</strong></span> <span class='ocrx_word' id='word_1_27' title='bbox 864 879 983 938; x_wconf 87' lang='lat' dir='ltr'><strong>nostra</strong></span> <span class='ocrx_word' id='word_1_28' title='bbox 1006 874 1190 940; x_wconf 88' lang='lat' dir='ltr'><strong>clementia</strong></span> <span class='ocrx_word' id='word_1_29' title='bbox 1213 878 1451 958; x_wconf 67' lang='lat' dir='ltr'><strong>consequatur,</strong></span> 
     </span>
     <span class='ocr_line' id='line_1_5' title="bbox 334 964 1452 1048; baseline -0.003 -19"><span class='ocrx_word' id='word_1_30' title='bbox 334 967 415 1029; x_wconf 87' lang='lat' dir='ltr'><strong>dnm</strong></span> <span class='ocrx_word' id='word_1_31' title='bbox 440 966 682 1048; x_wconf 73' lang='lat' dir='ltr'><strong>conpetentem</strong></span> <span class='ocrx_word' id='word_1_32' title='bbox 702 983 817 1026; x_wconf 89' lang='lat' dir='ltr'><strong>curam</strong></span> <span class='ocrx_word' id='word_1_33' title='bbox 834 964 964 1028; x_wconf 88' lang='lat' dir='ltr'><strong>eisdem</strong></span> <span class='ocrx_word' id='word_1_34' title='bbox 987 964 1177 1027; x_wconf 90' lang='lat' dir='ltr'><strong>minoribus</strong></span> <span class='ocrx_word' id='word_1_35' title='bbox 1200 965 1359 1046; x_wconf 89' lang='lat' dir='ltr'><strong>inrogare</strong></span> <span class='ocrx_word' id='word_1_36' title='bbox 1382 984 1452 1047; x_wconf 89' lang='lat' dir='ltr'><strong>per·</strong></span> 
     </span>
     <span class='ocr_line' id='line_1_6' title="bbox 332 1052 1453 1138; baseline -0.004 -20"><span class='ocrx_word' id='word_1_37' title='bbox 332 1054 504 1138; x_wconf 72' lang='lat' dir='ltr'><strong>penditur,</strong></span> <span class='ocrx_word' id='word_1_38' title='bbox 536 1054 601 1117; x_wconf 94' lang='lat' dir='ltr'><strong>hec</strong></span> <span class='ocrx_word' id='word_1_39' title='bbox 628 1052 854 1116; x_wconf 85' lang='lat' dir='ltr'><strong>custodienda</strong></span> <span class='ocrx_word' id='word_1_40' title='bbox 876 1052 986 1116; x_wconf 91' lang='lat' dir='ltr'><strong>modis</strong></span> <span class='ocrx_word' id='word_1_41' title='bbox 1009 1052 1168 1116; x_wconf 90' lang='lat' dir='ltr'><strong>omnibus</strong></span> <span class='ocrx_word' id='word_1_42' title='bbox 1192 1053 1344 1117; x_wconf 89' lang='lat' dir='ltr'><strong>conditio</strong></span> <span class='ocrx_word' id='word_1_43' title='bbox 1367 1053 1453 1116; x_wconf 92' lang='lat' dir='ltr'><strong>ordi-</strong></span> 
     </span>
     <span class='ocr_line' id='line_1_7' title="bbox 332 1140 1501 1224; baseline -0.001 -20"><span class='ocrx_word' id='word_1_44' title='bbox 332 1145 449 1206; x_wconf 90' lang='lat' dir='ltr'><strong>natur:</strong></span> <span class='ocrx_word' id='word_1_45' title='bbox 474 1144 515 1204; x_wconf 93' lang='lat' dir='ltr'><strong>ut</strong></span> <span class='ocrx_word' id='word_1_46' title='bbox 538 1141 609 1204; x_wconf 90' lang='lat' dir='ltr'><strong>sive</strong></span> <span class='ocrx_word' id='word_1_47' title='bbox 632 1140 669 1202; x_wconf 93' lang='lat' dir='ltr'><strong>in</strong></span> <span class='ocrx_word' id='word_1_48' title='bbox 691 1140 816 1204; x_wconf 91' lang='lat' dir='ltr'><strong>minori</strong></span> <span class='ocrx_word' id='word_1_49' title='bbox 835 1143 938 1216; x_wconf 89' lang='lat' dir='ltr'><strong>etate,</strong></span> <span class='ocrx_word' id='word_1_50' title='bbox 963 1141 1034 1204; x_wconf 90' lang='lat' dir='ltr'><strong>sive</strong></span> <span class='ocrx_word' id='word_1_51' title='bbox 1058 1141 1164 1205; x_wconf 90' lang='lat' dir='ltr'><strong>etiam</strong></span> <span class='ocrx_word' id='word_1_52' title='bbox 1179 1141 1334 1224; x_wconf 90' lang='lat' dir='ltr'><strong>quamvis</strong></span> <span class='ocrx_word' id='word_1_53' title='bbox 1358 1161 1453 1223; x_wconf 89' lang='lat' dir='ltr'><strong>quar·</strong></span> <span class='ocrx_word' id='word_1_54' title='bbox 1497 1153 1501 1158; x_wconf 84' lang='lat'>&#39;</span> 
     </span>
     <span class='ocr_line' id='line_1_8' title="bbox 332 1228 1452 1314; baseline -0.001 -20"><span class='ocrx_word' id='word_1_55' title='bbox 332 1234 409 1294; x_wconf 90' lang='lat' dir='ltr'><strong>tum</strong></span> <span class='ocrx_word' id='word_1_56' title='bbox 439 1229 611 1294; x_wconf 90' lang='lat' dir='ltr'><strong>decimum</strong></span> <span class='ocrx_word' id='word_1_57' title='bbox 641 1229 743 1292; x_wconf 88' lang='lat' dir='ltr'><strong>etatis</strong></span> <span class='ocrx_word' id='word_1_58' title='bbox 773 1249 902 1291; x_wconf 85' lang='lat' dir='ltr'><strong>annum</strong></span> <span class='ocrx_word' id='word_1_59' title='bbox 926 1228 1111 1293; x_wconf 89' lang='lat' dir='ltr'><strong>videantur</strong></span> <span class='ocrx_word' id='word_1_60' title='bbox 1141 1229 1266 1314; x_wconf 88' lang='lat' dir='ltr'><strong>pupilli</strong></span> <span class='ocrx_word' id='word_1_61' title='bbox 1295 1231 1452 1303; x_wconf 90' lang='lat' dir='ltr'><strong>transire,</strong></span> 
     </span>
     <span class='ocr_line' id='line_1_9' title="bbox 332 1317 1454 1401; baseline -0.001 -19"><span class='ocrx_word' id='word_1_62' title='bbox 332 1322 450 1383; x_wconf 89' lang='lat' dir='ltr'><strong>tamen</strong></span> <span class='ocrx_word' id='word_1_63' title='bbox 478 1319 506 1382; x_wconf 92' lang='lat' dir='ltr'><strong>si</strong></span> <span class='ocrx_word' id='word_1_64' title='bbox 533 1321 667 1382; x_wconf 91' lang='lat' dir='ltr'><strong>tutores</strong></span> <span class='ocrx_word' id='word_1_65' title='bbox 695 1317 809 1381; x_wconf 88' lang='lat' dir='ltr'><strong>adhuc</strong></span> <span class='ocrx_word' id='word_1_66' title='bbox 832 1317 887 1381; x_wconf 90' lang='lat' dir='ltr'><strong>vel</strong></span> <span class='ocrx_word' id='word_1_67' title='bbox 911 1317 1003 1401; x_wconf 90' lang='lat' dir='ltr'><strong>ipsos</strong></span> <span class='ocrx_word' id='word_1_68' title='bbox 1025 1317 1081 1382; x_wconf 90' lang='lat' dir='ltr'><strong>vel</strong></span> <span class='ocrx_word' id='word_1_69' title='bbox 1105 1338 1223 1382; x_wconf 90' lang='lat' dir='ltr'><strong>eorum</strong></span> <span class='ocrx_word' id='word_1_70' title='bbox 1250 1337 1304 1382; x_wconf 91' lang='lat' dir='ltr'><strong>res</strong></span> <span class='ocrx_word' id='word_1_71' title='bbox 1333 1319 1369 1381; x_wconf 92' lang='lat' dir='ltr'><strong>in</strong></span> <span class='ocrx_word' id='word_1_72' title='bbox 1393 1339 1454 1381; x_wconf 88' lang='lat' dir='ltr'><strong>sua</strong></span> 
     </span>
     <span class='ocr_line' id='line_1_10' title="bbox 333 1405 1454 1492; baseline -0.001 -21"><span class='ocrx_word' id='word_1_73' title='bbox 333 1410 505 1492; x_wconf 84' lang='lat' dir='ltr'><strong>potestate</strong></span> <span class='ocrx_word' id='word_1_74' title='bbox 542 1409 732 1471; x_wconf 88' lang='lat' dir='ltr'><strong>noscuntur</strong></span> <span class='ocrx_word' id='word_1_75' title='bbox 766 1405 907 1482; x_wconf 87' lang='lat' dir='ltr'><strong>habere,</strong></span> <span class='ocrx_word' id='word_1_76' title='bbox 947 1426 1197 1489; x_wconf 91' lang='lat' dir='ltr'><strong>quamcumque</strong></span> <span class='ocrx_word' id='word_1_77' title='bbox 1235 1407 1454 1490; x_wconf 87' lang='lat' dir='ltr'><strong>iscripturam</strong></span> 
     </span>
     <span class='ocr_line' id='line_1_11' title="bbox 333 1493 1454 1577; baseline -0.002 -17"><span class='ocrx_word' id='word_1_78' title='bbox 333 1496 529 1560; x_wconf 87' lang='lat' dir='ltr'><strong>securitatis</strong></span> <span class='ocrx_word' id='word_1_79' title='bbox 559 1497 620 1560; x_wconf 86' lang='lat' dir='ltr'><strong>aut</strong></span> <span class='ocrx_word' id='word_1_80' title='bbox 650 1494 795 1558; x_wconf 89' lang='lat' dir='ltr'><strong>alicuius</strong></span> <span class='ocrx_word' id='word_1_81' title='bbox 823 1493 1046 1576; x_wconf 79' lang='lat' dir='ltr'><strong>obligationis</strong></span> <span class='ocrx_word' id='word_1_82' title='bbox 1075 1496 1187 1577; x_wconf 88' lang='lat' dir='ltr'><strong>adque</strong></span> <span class='ocrx_word' id='word_1_83' title='bbox 1209 1494 1454 1558; x_wconf 79' lang='lat' dir='ltr'><strong>transactionis</strong></span> 
     </span>
     <span class='ocr_line' id='line_1_12' title="bbox 333 1583 1454 1668; baseline -0.002 -21"><span class='ocrx_word' id='word_1_84' title='bbox 333 1584 415 1668; x_wconf 87' lang='lat' dir='ltr'><strong>ipsis</strong></span> <span class='ocrx_word' id='word_1_85' title='bbox 448 1584 623 1648; x_wconf 89' lang='lat' dir='ltr'><strong>tutoribus</strong></span> <span class='ocrx_word' id='word_1_86' title='bbox 657 1583 714 1648; x_wconf 93' lang='lat' dir='ltr'><strong>vel</strong></span> <span class='ocrx_word' id='word_1_87' title='bbox 748 1583 951 1665; x_wconf 89' lang='lat' dir='ltr'><strong>cuicumque</strong></span> <span class='ocrx_word' id='word_1_88' title='bbox 988 1603 1131 1667; x_wconf 87' lang='lat' dir='ltr'><strong>persone</strong></span> <span class='ocrx_word' id='word_1_89' title='bbox 1170 1603 1231 1667; x_wconf 91' lang='lat' dir='ltr'><strong>per</strong></span> <span class='ocrx_word' id='word_1_90' title='bbox 1265 1583 1454 1648; x_wconf 86' lang='lat' dir='ltr'><strong>factionem</strong></span> 
     </span>
     <span class='ocr_line' id='line_1_13' title="bbox 331 1670 1455 1755; baseline 0.002 -20"><span class='ocrx_word' id='word_1_91' title='bbox 331 1676 488 1737; x_wconf 88' lang='lat' dir='ltr'><strong>tutorum</strong></span> <span class='ocrx_word' id='word_1_92' title='bbox 503 1672 626 1736; x_wconf 86' lang='lat' dir='ltr'><strong>fecisse</strong></span> <span class='ocrx_word' id='word_1_93' title='bbox 641 1670 891 1755; x_wconf 87' lang='lat' dir='ltr'><strong>repperiantur,</strong></span> <span class='ocrx_word' id='word_1_94' title='bbox 915 1672 1032 1734; x_wconf 89' lang='lat' dir='ltr'><strong>omnia</strong></span> <span class='ocrx_word' id='word_1_95' title='bbox 1047 1671 1200 1736; x_wconf 85' lang='lat' dir='ltr'><strong>invalida</strong></span> <span class='ocrx_word' id='word_1_96' title='bbox 1223 1675 1259 1736; x_wconf 89' lang='lat' dir='ltr'><strong>ct</strong></span> <span class='ocrx_word' id='word_1_97' title='bbox 1278 1673 1455 1737; x_wconf 85' lang='lat' dir='ltr'><strong>exinanita</strong></span> 
     </span>
     <span class='ocr_line' id='line_1_14' title="bbox 333 1759 1528 1845; baseline -0.003 -19"><span class='ocrx_word' id='word_1_98' title='bbox 333 1762 470 1845; x_wconf 89' lang='lat' dir='ltr'><strong>penitus</strong></span> <span class='ocrx_word' id='word_1_99' title='bbox 500 1763 714 1845; x_wconf 90' lang='lat' dir='ltr'><strong>reputentur.</strong></span> <span class='ocrx_word' id='word_1_100' title='bbox 762 1759 849 1824; x_wconf 84' lang='lat' dir='ltr'><strong>Ourn</strong></span> <span class='ocrx_word' id='word_1_101' title='bbox 876 1778 957 1823; x_wconf 92' lang='lat' dir='ltr'><strong>vero</strong></span> <span class='ocrx_word' id='word_1_102' title='bbox 986 1764 1123 1843; x_wconf 90' lang='lat' dir='ltr'><strong>tempus</strong></span> <span class='ocrx_word' id='word_1_103' title='bbox 1153 1760 1234 1824; x_wconf 89' lang='lat' dir='ltr'><strong>illut</strong></span> <span class='ocrx_word' id='word_1_104' title='bbox 1265 1761 1453 1834; x_wconf 85' lang='lat' dir='ltr'><strong>advenerit,</strong></span> <span class='ocrx_word' id='word_1_105' title='bbox 1527 1813 1528 1816; x_wconf 59' lang='grc'>,</span> 
     </span>
     <span class='ocr_line' id='line_1_15' title="bbox 333 1847 1455 1933; baseline -0.001 -20"><span class='ocrx_word' id='word_1_106' title='bbox 333 1851 471 1933; x_wconf 88' lang='lat' dir='ltr'><strong>quando</strong></span> <span class='ocrx_word' id='word_1_107' title='bbox 495 1869 584 1925; x_wconf 91' lang='lat' dir='ltr'><strong>eum,</strong></span> <span class='ocrx_word' id='word_1_108' title='bbox 608 1849 668 1931; x_wconf 88' lang='lat' dir='ltr'><strong>qui</strong></span> <span class='ocrx_word' id='word_1_109' title='bbox 691 1847 754 1912; x_wconf 90' lang='lat' dir='ltr'><strong>sub</strong></span> <span class='ocrx_word' id='word_1_110' title='bbox 778 1848 926 1912; x_wconf 90' lang='lat' dir='ltr'><strong>tuitione</strong></span> <span class='ocrx_word' id='word_1_111' title='bbox 942 1848 1021 1925; x_wconf 87' lang='lat' dir='ltr'><strong>fuit,</strong></span> <span class='ocrx_word' id='word_1_112' title='bbox 1046 1868 1119 1912; x_wconf 91' lang='lat' dir='ltr'><strong>rem</strong></span> <span class='ocrx_word' id='word_1_113' title='bbox 1142 1849 1178 1910; x_wconf 91' lang='lat' dir='ltr'><strong>in</strong></span> <span class='ocrx_word' id='word_1_114' title='bbox 1196 1869 1259 1913; x_wconf 91' lang='lat' dir='ltr'><strong>sua</strong></span> <span class='ocrx_word' id='word_1_115' title='bbox 1281 1851 1455 1932; x_wconf 85' lang='lat' dir='ltr'><strong>potestate</strong></span> 
     </span>
     <span class='ocr_line' id='line_1_16' title="bbox 333 1936 1454 2022; baseline -0.002 -21"><span class='ocrx_word' id='word_1_116' title='bbox 333 1941 491 2022; x_wconf 91' lang='lat' dir='ltr'><strong>oporteat</strong></span> <span class='ocrx_word' id='word_1_117' title='bbox 519 1937 684 2019; x_wconf 80' lang='lat' dir='ltr'><strong>redigere,</strong></span> <span class='ocrx_word' id='word_1_118' title='bbox 715 1940 800 2000; x_wconf 88' lang='lat' dir='ltr'><strong>tunc</strong></span> <span class='ocrx_word' id='word_1_119' title='bbox 830 1936 890 2001; x_wconf 92' lang='lat' dir='ltr'><strong>ille</strong></span> <span class='ocrx_word' id='word_1_120' title='bbox 920 1939 1025 2014; x_wconf 88' lang='lat' dir='ltr'><strong>tutor,</strong></span> <span class='ocrx_word' id='word_1_121' title='bbox 1056 1957 1170 2001; x_wconf 90' lang='lat' dir='ltr'><strong>coram</strong></span> <span class='ocrx_word' id='word_1_122' title='bbox 1198 1938 1375 2002; x_wconf 83' lang='lat' dir='ltr'><strong>sacerdote</strong></span> <span class='ocrx_word' id='word_1_123' title='bbox 1399 1938 1454 2000; x_wconf 89' lang='lat' dir='ltr'><strong>vel</strong></span> 
     </span>
     <span class='ocr_line' id='line_1_17' title="bbox 333 2023 1453 2110; baseline 0 -21"><span class='ocrx_word' id='word_1_124' title='bbox 333 2027 447 2090; x_wconf 89' lang='lat' dir='ltr'><strong>iudice</strong></span> <span class='ocrx_word' id='word_1_125' title='bbox 477 2025 611 2110; x_wconf 90' lang='lat' dir='ltr'><strong>pupillo</strong></span> <span class='ocrx_word' id='word_1_126' title='bbox 635 2025 678 2089; x_wconf 90' lang='lat' dir='ltr'><strong>de</strong></span> <span class='ocrx_word' id='word_1_127' title='bbox 702 2025 836 2089; x_wconf 87' lang='lat' dir='ltr'><strong>cunctis</strong></span> <span class='ocrx_word' id='word_1_128' title='bbox 865 2023 968 2089; x_wconf 90' lang='lat' dir='ltr'><strong>rebus</strong></span> <span class='ocrx_word' id='word_1_129' title='bbox 995 2026 1133 2090; x_wconf 86' lang='lat' dir='ltr'><strong>reddita</strong></span> <span class='ocrx_word' id='word_1_130' title='bbox 1159 2027 1303 2102; x_wconf 88' lang='lat' dir='ltr'><strong>ratione,</strong></span> <span class='ocrx_word' id='word_1_131' title='bbox 1335 2027 1453 2102; x_wconf 81' lang='lat' dir='ltr'><strong>absc,</strong></span> 
     </span>
     <span class='ocr_line' id='line_1_18' title="bbox 334 2113 1453 2198; baseline 0.001 -21"><span class='ocrx_word' id='word_1_132' title='bbox 334 2134 436 2197; x_wconf 90' lang='lat' dir='ltr'><strong>quern</strong></span> <span class='ocrx_word' id='word_1_133' title='bbox 450 2115 562 2177; x_wconf 86' lang='lat' dir='ltr'><strong>tuitus</strong></span> <span class='ocrx_word' id='word_1_134' title='bbox 579 2118 640 2190; x_wconf 92' lang='lat' dir='ltr'><strong>est,</strong></span> <span class='ocrx_word' id='word_1_135' title='bbox 666 2113 862 2178; x_wconf 83' lang='lat' dir='ltr'><strong>securitatis</strong></span> <span class='ocrx_word' id='word_1_136' title='bbox 886 2114 1091 2198; x_wconf 84' lang='lat' dir='ltr'><strong>scripturam</strong></span> <span class='ocrx_word' id='word_1_137' title='bbox 1107 2118 1267 2197; x_wconf 89' lang='lat' dir='ltr'><strong>procuret</strong></span> <span class='ocrx_word' id='word_1_138' title='bbox 1283 2114 1453 2197; x_wconf 72' lang='lat' dir='ltr'><strong>accipere,</strong></span> 
     </span>
     <span class='ocr_line' id='line_1_19' title="bbox 334 2202 1454 2286; baseline -0.002 -20"><span class='ocrx_word' id='word_1_139' title='bbox 334 2203 449 2286; x_wconf 90' lang='lat' dir='ltr'><strong>sicque</strong></span> <span class='ocrx_word' id='word_1_140' title='bbox 476 2205 609 2266; x_wconf 86' lang='lat' dir='ltr'><strong>remota</strong></span> <span class='ocrx_word' id='word_1_141' title='bbox 638 2202 731 2265; x_wconf 92' lang='lat' dir='ltr'><strong>omni</strong></span> <span class='ocrx_word' id='word_1_142' title='bbox 758 2202 937 2266; x_wconf 87' lang='lat' dir='ltr'><strong>occasione</strong></span> <span class='ocrx_word' id='word_1_143' title='bbox 966 2223 1122 2285; x_wconf 87' lang='lat' dir='ltr'><strong>pressure</strong></span> <span class='ocrx_word' id='word_1_144' title='bbox 1145 2206 1206 2266; x_wconf 90' lang='lat' dir='ltr'><strong>aut</strong></span> <span class='ocrx_word' id='word_1_145' title='bbox 1229 2203 1373 2286; x_wconf 88' lang='lat' dir='ltr'><strong>recipiat</strong></span> <span class='ocrx_word' id='word_1_146' title='bbox 1396 2225 1454 2285; x_wconf 90' lang='lat' dir='ltr'><strong>pu-</strong></span> 
     </span>
     <span class='ocr_line' id='line_1_20' title="bbox 333 2285 1455 2376; baseline -0.002 -22"><span class='ocrx_word' id='word_1_147' title='bbox 333 2285 448 2376; x_wconf 88' lang='lat' dir='ltr'><strong>pillus,</strong></span> <span class='ocrx_word' id='word_1_148' title='bbox 472 2292 565 2373; x_wconf 91' lang='lat' dir='ltr'><strong>quod</strong></span> <span class='ocrx_word' id='word_1_149' title='bbox 587 2291 677 2354; x_wconf 89' lang='lat' dir='ltr'><strong>iuste</strong></span> <span class='ocrx_word' id='word_1_150' title='bbox 701 2290 767 2354; x_wconf 92' lang='lat' dir='ltr'><strong>sibi</strong></span> <span class='ocrx_word' id='word_1_151' title='bbox 783 2290 901 2354; x_wconf 91' lang='lat' dir='ltr'><strong>deberi</strong></span> <span class='ocrx_word' id='word_1_152' title='bbox 918 2291 1126 2374; x_wconf 87' lang='lat' dir='ltr'><strong>cognoverit,</strong></span> <span class='ocrx_word' id='word_1_153' title='bbox 1151 2294 1212 2354; x_wconf 87' lang='lat' dir='ltr'><strong>aut</strong></span> <span class='ocrx_word' id='word_1_154' title='bbox 1236 2291 1344 2355; x_wconf 91' lang='lat' dir='ltr'><strong>libero</strong></span> <span class='ocrx_word' id='word_1_155' title='bbox 1369 2291 1455 2354; x_wconf 88' lang='lat' dir='ltr'><strong>arbi·</strong></span> 
     </span>
     <span class='ocr_line' id='line_1_21' title="bbox 332 2375 1455 2462; baseline -0.003 -18"><span class='ocrx_word' id='word_1_156' title='bbox 332 2380 400 2444; x_wconf 92' lang='lat' dir='ltr'><strong>trio</strong></span> <span class='ocrx_word' id='word_1_157' title='bbox 424 2378 583 2444; x_wconf 89' lang='lat' dir='ltr'><strong>derebus</strong></span> <span class='ocrx_word' id='word_1_158' title='bbox 607 2380 686 2456; x_wconf 89' lang='lat' dir='ltr'><strong>suis,</strong></span> <span class='ocrx_word' id='word_1_159' title='bbox 711 2381 829 2442; x_wconf 92' lang='lat' dir='ltr'><strong>utrum</strong></span> <span class='ocrx_word' id='word_1_160' title='bbox 846 2375 1066 2456; x_wconf 67' lang='lat' dir='ltr'><strong>cessioneml,</strong></span> <span class='ocrx_word' id='word_1_161' title='bbox 1092 2400 1133 2443; x_wconf 91' lang='lat' dir='ltr'><strong>an</strong></span> <span class='ocrx_word' id='word_1_162' title='bbox 1152 2379 1290 2462; x_wconf 91' lang='lat' dir='ltr'><strong>qualem</strong></span> <span class='ocrx_word' id='word_1_163' title='bbox 1305 2379 1455 2442; x_wconf 89' lang='lat' dir='ltr'><strong>voluerit</strong></span> 
     </span>
     <span class='ocr_line' id='line_1_22' title="bbox 334 2467 1453 2551; baseline -0.001 -19"><span class='ocrx_word' id='word_1_164' title='bbox 334 2469 492 2532; x_wconf 88' lang='lat' dir='ltr'><strong>ordinare</strong></span> <span class='ocrx_word' id='word_1_165' title='bbox 508 2468 754 2544; x_wconf 88' lang='lat' dir='ltr'><strong>definitionem,</strong></span> <span class='ocrx_word' id='word_1_166' title='bbox 775 2467 914 2551; x_wconf 89' lang='lat' dir='ltr'><strong>plenam</strong></span> <span class='ocrx_word' id='word_1_167' title='bbox 930 2467 1058 2532; x_wconf 88' lang='lat' dir='ltr'><strong>habeat</strong></span> <span class='ocrx_word' id='word_1_168' title='bbox 1074 2467 1282 2532; x_wconf 86' lang='lat' dir='ltr'><strong>libertatern.</strong></span> <span class='ocrx_word' id='word_1_169' title='bbox 1322 2467 1358 2531; x_wconf 82' lang='lat' dir='ltr'><strong>Si</strong></span> <span class='ocrx_word' id='word_1_170' title='bbox 1374 2487 1453 2531; x_wconf 93' lang='lat' dir='ltr'><strong>vero</strong></span> 
     </span>
     <span class='ocr_line' id='line_1_23' title="bbox 333 2555 1454 2642; baseline 0 -22"><span class='ocrx_word' id='word_1_171' title='bbox 333 2557 521 2642; x_wconf 89' lang='lat' dir='ltr'><strong>proveniat,</strong></span> <span class='ocrx_word' id='word_1_172' title='bbox 546 2559 596 2634; x_wconf 90' lang='lat' dir='ltr'><strong>ut,</strong></span> <span class='ocrx_word' id='word_1_173' title='bbox 622 2557 703 2620; x_wconf 90' lang='lat' dir='ltr'><strong>dum</strong></span> <span class='ocrx_word' id='word_1_174' title='bbox 727 2557 764 2618; x_wconf 92' lang='lat' dir='ltr'><strong>in</strong></span> <span class='ocrx_word' id='word_1_175' title='bbox 778 2556 928 2620; x_wconf 90' lang='lat' dir='ltr'><strong>tuitione</strong></span> <span class='ocrx_word' id='word_1_176' title='bbox 952 2559 1013 2632; x_wconf 89' lang='lat' dir='ltr'><strong>est,</strong></span> <span class='ocrx_word' id='word_1_177' title='bbox 1038 2555 1178 2620; x_wconf 89' lang='lat' dir='ltr'><strong>mortali</strong></span> <span class='ocrx_word' id='word_1_178' title='bbox 1201 2556 1343 2639; x_wconf 88' lang='lat' dir='ltr'><strong>langore</strong></span> <span class='ocrx_word' id='word_1_179' title='bbox 1358 2576 1454 2620; x_wconf 84' lang='lat' dir='ltr'><strong>vexe-</strong></span> 
     </span>
     <span class='ocr_line' id='line_1_24' title="bbox 333 2644 1507 2728; baseline 0.003 -19"><span class='ocrx_word' id='word_1_180' title='bbox 333 2649 400 2722; x_wconf 91' lang='lat' dir='ltr'><strong>tur,</strong></span> <span class='ocrx_word' id='word_1_181' title='bbox 425 2647 516 2728; x_wconf 89' lang='lat' dir='ltr'><strong>quod</strong></span> <span class='ocrx_word' id='word_1_182' title='bbox 540 2646 583 2709; x_wconf 93' lang='lat' dir='ltr'><strong>de</strong></span> <span class='ocrx_word' id='word_1_183' title='bbox 607 2645 672 2708; x_wconf 91' lang='lat' dir='ltr'><strong>sibi</strong></span> <span class='ocrx_word' id='word_1_184' title='bbox 696 2644 821 2709; x_wconf 88' lang='lat' dir='ltr'><strong>debitis</strong></span> <span class='ocrx_word' id='word_1_185' title='bbox 844 2645 947 2710; x_wconf 90' lang='lat' dir='ltr'><strong>rebus</strong></span> <span class='ocrx_word' id='word_1_186' title='bbox 970 2645 1123 2708; x_wconf 89' lang='lat' dir='ltr'><strong>iudicare</strong></span> <span class='ocrx_word' id='word_1_187' title='bbox 1147 2645 1326 2728; x_wconf 88' lang='lat' dir='ltr'><strong>helegerit,</strong></span> <span class='ocrx_word' id='word_1_188' title='bbox 1355 2666 1376 2708; x_wconf 91' lang='lat' dir='ltr'><strong>a</strong></span> <span class='ocrx_word' id='word_1_189' title='bbox 1400 2646 1454 2709; x_wconf 88' lang='lat' dir='ltr'><strong>de·</strong></span> <span class='ocrx_word' id='word_1_190' title='bbox 1485 2676 1507 2711; x_wconf 76' lang='lat' dir='ltr'><strong>v.</strong></span> 
     </span>
     <span class='ocr_line' id='line_1_25' title="bbox 334 2733 1454 2816; baseline -0.003 -17"><span class='ocrx_word' id='word_1_191' title='bbox 334 2735 422 2799; x_wconf 91' lang='lat' dir='ltr'><strong>cimo</strong></span> <span class='ocrx_word' id='word_1_192' title='bbox 445 2734 548 2798; x_wconf 86' lang='lat' dir='ltr'><strong>etatis</strong></span> <span class='ocrx_word' id='word_1_193' title='bbox 572 2754 633 2798; x_wconf 90' lang='lat' dir='ltr'><strong>sue</strong></span> <span class='ocrx_word' id='word_1_194' title='bbox 656 2754 746 2796; x_wconf 90' lang='lat' dir='ltr'><strong>anno</strong></span> <span class='ocrx_word' id='word_1_195' title='bbox 769 2733 866 2796; x_wconf 85' lang='lat' dir='ltr'><strong>iuxta</strong></span> <span class='ocrx_word' id='word_1_196' title='bbox 887 2733 1052 2810; x_wconf 87' lang='lat' dir='ltr'><strong>ordinem,</strong></span> <span class='ocrx_word' id='word_1_197' title='bbox 1077 2734 1196 2816; x_wconf 85' lang='lat' dir='ltr'><strong>quiin</strong></span> <span class='ocrx_word' id='word_1_198' title='bbox 1212 2733 1282 2797; x_wconf 87' lang='lat' dir='ltr'><strong>alia</strong></span> <span class='ocrx_word' id='word_1_199' title='bbox 1304 2733 1380 2816; x_wconf 87' lang='lat' dir='ltr'><strong>lege</strong></span> <span class='ocrx_word' id='word_1_200' title='bbox 1401 2738 1454 2797; x_wconf 88' lang='lat' dir='ltr'><strong>est</strong></span> 
     </span>
     <span class='ocr_line' id='line_1_26' title="bbox 335 2821 1455 2906; baseline -0.002 -19"><span class='ocrx_word' id='word_1_201' title='bbox 335 2823 497 2887; x_wconf 89' lang='lat' dir='ltr'><strong>definitus</strong></span> <span class='ocrx_word' id='word_1_202' title='bbox 508 2823 528 2898; x_wconf 85' lang='lat'><strong>1,</strong></span> <span class='ocrx_word' id='word_1_203' title='bbox 564 2821 692 2886; x_wconf 90' lang='lat' dir='ltr'><strong>habeat</strong></span> <span class='ocrx_word' id='word_1_204' title='bbox 726 2821 959 2906; x_wconf 90' lang='lat' dir='ltr'><strong>plenissimam</strong></span> <span class='ocrx_word' id='word_1_205' title='bbox 993 2825 1211 2905; x_wconf 88' lang='lat' dir='ltr'><strong>potestatem.</strong></span> <span class='ocrx_word' id='word_1_206' title='bbox 1265 2821 1318 2886; x_wconf 91' lang='lat' dir='ltr'><strong>De</strong></span> <span class='ocrx_word' id='word_1_207' title='bbox 1351 2822 1455 2886; x_wconf 90' lang='lat' dir='ltr'><strong>rebus</strong></span> 
     </span>
     <span class='ocr_line' id='line_1_27' title="bbox 335 2910 1454 2987; baseline -0.003 -12"><span class='ocrx_word' id='word_1_208' title='bbox 335 2931 415 2976; x_wconf 91' lang='lat' dir='ltr'><strong>vero</strong></span> <span class='ocrx_word' id='word_1_209' title='bbox 438 2910 573 2986; x_wconf 86' lang='lat' dir='ltr'><strong>tutoris,</strong></span> <span class='ocrx_word' id='word_1_210' title='bbox 599 2930 659 2975; x_wconf 89' lang='lat' dir='ltr'><strong>seu</strong></span> <span class='ocrx_word' id='word_1_211' title='bbox 676 2910 804 2987; x_wconf 82' lang='lat' dir='ltr'><strong>vivens,</strong></span> <span class='ocrx_word' id='word_1_212' title='bbox 830 2911 901 2974; x_wconf 91' lang='lat' dir='ltr'><strong>sive</strong></span> <span class='ocrx_word' id='word_1_213' title='bbox 923 2911 1072 2974; x_wconf 91' lang='lat' dir='ltr'><strong>moriens</strong></span> <span class='ocrx_word' id='word_1_214' title='bbox 1094 2911 1187 2975; x_wconf 92' lang='lat' dir='ltr'><strong>idem</strong></span> <span class='ocrx_word' id='word_1_215' title='bbox 1209 2914 1306 2974; x_wconf 91' lang='lat' dir='ltr'><strong>tutor</strong></span> <span class='ocrx_word' id='word_1_216' title='bbox 1329 2930 1386 2976; x_wconf 89' lang='lat' dir='ltr'><strong>eas</strong></span> <span class='ocrx_word' id='word_1_217' title='bbox 1410 2931 1454 2973; x_wconf 89' lang='lat' dir='ltr'><strong>an</strong></span> 
     </span>
     <span class='ocr_line' id='line_1_28' title="bbox 334 2998 1454 3084; baseline -0.001 -21"><span class='ocrx_word' id='word_1_218' title='bbox 334 3000 427 3076; x_wconf 89' lang='lat' dir='ltr'><strong>filiis,</strong></span> <span class='ocrx_word' id='word_1_219' title='bbox 464 3019 509 3063; x_wconf 90' lang='lat' dir='ltr'><strong>an</strong></span> <span class='ocrx_word' id='word_1_220' title='bbox 538 2999 809 3081; x_wconf 90' lang='lat' dir='ltr'><strong>quibuscumque</strong></span> <span class='ocrx_word' id='word_1_221' title='bbox 839 2999 993 3082; x_wconf 90' lang='lat' dir='ltr'><strong>personis</strong></span> <span class='ocrx_word' id='word_1_222' title='bbox 1022 2999 1214 3082; x_wconf 90' lang='lat' dir='ltr'><strong>reliquerit,</strong></span> <span class='ocrx_word' id='word_1_223' title='bbox 1251 2999 1280 3062; x_wconf 91' lang='lat' dir='ltr'><strong>si</strong></span> <span class='ocrx_word' id='word_1_224' title='bbox 1313 2998 1454 3084; x_wconf 89' lang='lat' dir='ltr'><strong>pupillis</strong></span> 
     </span>
     <span class='ocr_line' id='line_1_29' title="bbox 333 3087 1454 3170; baseline -0.001 -19"><span class='ocrx_word' id='word_1_225' title='bbox 333 3089 470 3153; x_wconf 85' lang='lat' dir='ltr'><strong>reddita</strong></span> <span class='ocrx_word' id='word_1_226' title='bbox 492 3088 582 3152; x_wconf 87' lang='lat' dir='ltr'><strong>ratio</strong></span> <span class='ocrx_word' id='word_1_227' title='bbox 611 3109 681 3151; x_wconf 90' lang='lat' dir='ltr'><strong>non</strong></span> <span class='ocrx_word' id='word_1_228' title='bbox 703 3087 821 3163; x_wconf 82' lang='lat' dir='ltr'><strong>fuerit,</strong></span> <span class='ocrx_word' id='word_1_229' title='bbox 852 3088 950 3151; x_wconf 84' lang='lat' dir='ltr'><strong>iuxta</strong></span> <span class='ocrx_word' id='word_1_230' title='bbox 979 3087 1221 3165; x_wconf 89' lang='lat' dir='ltr'><strong>inventarium,</strong></span> <span class='ocrx_word' id='word_1_231' title='bbox 1252 3089 1344 3170; x_wconf 89' lang='lat' dir='ltr'><strong>quod</strong></span> <span class='ocrx_word' id='word_1_232' title='bbox 1371 3092 1454 3152; x_wconf 91' lang='lat' dir='ltr'><strong>tem·</strong></span> 
     </span>
     <span class='ocr_line' id='line_1_30' title="bbox 333 3175 1455 3261; baseline -0.002 -21"><span class='ocrx_word' id='word_1_233' title='bbox 333 3197 415 3261; x_wconf 91' lang='lat' dir='ltr'><strong>pore</strong></span> <span class='ocrx_word' id='word_1_234' title='bbox 438 3181 579 3260; x_wconf 88' lang='lat' dir='ltr'><strong>accepte</strong></span> <span class='ocrx_word' id='word_1_235' title='bbox 602 3176 761 3240; x_wconf 92' lang='lat' dir='ltr'><strong>tuitionis</strong></span> <span class='ocrx_word' id='word_1_236' title='bbox 785 3179 838 3240; x_wconf 91' lang='lat' dir='ltr'><strong>est</strong></span> <span class='ocrx_word' id='word_1_237' title='bbox 860 3175 1028 3252; x_wconf 82' lang='lat' dir='ltr'><strong>factum⁰,</strong></span> <span class='ocrx_word' id='word_1_238' title='bbox 1060 3177 1130 3240; x_wconf 90' lang='lat' dir='ltr'><strong>sive</strong></span> <span class='ocrx_word' id='word_1_239' title='bbox 1161 3177 1252 3259; x_wconf 92' lang='lat' dir='ltr'><strong>quod</strong></span> <span class='ocrx_word' id='word_1_240' title='bbox 1277 3176 1455 3240; x_wconf 88' lang='lat' dir='ltr'><strong>evidenter</strong></span> 
     </span>
     <span class='ocr_line' id='line_1_31' title="bbox 334 3264 1454 3349; baseline -0.001 -21"><span class='ocrx_word' id='word_1_241' title='bbox 334 3268 418 3349; x_wconf 89' lang='lat' dir='ltr'><strong>aput</strong></span> <span class='ocrx_word' id='word_1_242' title='bbox 440 3269 592 3330; x_wconf 89' lang='lat' dir='ltr'><strong>tutorem</strong></span> <span class='ocrx_word' id='word_1_243' title='bbox 614 3265 722 3328; x_wconf 81' lang='lat' dir='ltr'><strong>tuisse</strong></span> <span class='ocrx_word' id='word_1_244' title='bbox 745 3264 900 3329; x_wconf 86' lang='lat' dir='ltr'><strong>extiterit</strong></span> <span class='ocrx_word' id='word_1_245' title='bbox 917 3264 1149 3342; x_wconf 81' lang='lat' dir='ltr'><strong>manifestum,</strong></span> <span class='ocrx_word' id='word_1_246' title='bbox 1174 3265 1233 3347; x_wconf 92' lang='lat' dir='ltr'><strong>qui</strong></span> <span class='ocrx_word' id='word_1_247' title='bbox 1255 3284 1309 3329; x_wconf 91' lang='lat' dir='ltr'><strong>res</strong></span> <span class='ocrx_word' id='word_1_248' title='bbox 1327 3264 1454 3328; x_wconf 89' lang='lat' dir='ltr'><strong>tutoris</strong></span> 
     </span>
     <span class='ocr_line' id='line_1_32' title="bbox 333 3352 1453 3437; baseline -0.003 -21"><span class='ocrx_word' id='word_1_249' title='bbox 333 3354 533 3430; x_wconf 86' lang='lat' dir='ltr'><strong>habuerint,</strong></span> <span class='ocrx_word' id='word_1_250' title='bbox 579 3353 720 3437; x_wconf 90' lang='lat' dir='ltr'><strong>pupillis</strong></span> <span class='ocrx_word' id='word_1_251' title='bbox 763 3353 1004 3418; x_wconf 87' lang='lat' dir='ltr'><strong>indubitanter</strong></span> <span class='ocrx_word' id='word_1_252' title='bbox 1046 3353 1162 3417; x_wconf 90' lang='lat' dir='ltr'><strong>omnia</strong></span> <span class='ocrx_word' id='word_1_253' title='bbox 1203 3352 1453 3418; x_wconf 81' lang='lat' dir='ltr'><strong>reformabunt.</strong></span> 
     </span>
     <span class='ocr_line' id='line_1_33' title="bbox 318 3440 1454 3526; baseline -0.003 -21"><span class='ocrx_word' id='word_1_254' title='bbox 318 3441 448 3514; x_wconf 72' lang='lat' dir='ltr'><strong>,Huius</strong></span> <span class='ocrx_word' id='word_1_255' title='bbox 472 3461 553 3506; x_wconf 90' lang='lat' dir='ltr'><strong>sane</strong></span> <span class='ocrx_word' id='word_1_256' title='bbox 577 3441 663 3524; x_wconf 88' lang='lat' dir='ltr'><strong>legis</strong></span> <span class='ocrx_word' id='word_1_257' title='bbox 685 3441 876 3506; x_wconf 90' lang='lat' dir='ltr'><strong>remedium</strong></span> <span class='ocrx_word' id='word_1_258' title='bbox 892 3442 1025 3505; x_wconf 88' lang='lat' dir='ltr'><strong>cunctis</strong></span> <span class='ocrx_word' id='word_1_259' title='bbox 1041 3442 1183 3526; x_wconf 92' lang='lat' dir='ltr'><strong>pupillis</strong></span> <span class='ocrx_word' id='word_1_260' title='bbox 1199 3440 1298 3506; x_wconf 89' lang='lat' dir='ltr'><strong>dabit</strong></span> <span class='ocrx_word' id='word_1_261' title='bbox 1320 3441 1454 3506; x_wconf 91' lang='lat' dir='ltr'><strong>indubi-</strong></span> 
     </span>
     <span class='ocr_line' id='line_1_34' title="bbox 332 3529 1452 3614; baseline -0.002 -20"><span class='ocrx_word' id='word_1_262' title='bbox 332 3534 451 3594; x_wconf 88' lang='lat' dir='ltr'><strong>tanter</strong></span> <span class='ocrx_word' id='word_1_263' title='bbox 483 3529 693 3607; x_wconf 87' lang='lat' dir='ltr'><strong>consultum,</strong></span> <span class='ocrx_word' id='word_1_264' title='bbox 734 3533 876 3614; x_wconf 87' lang='lat' dir='ltr'><strong>excepto</strong></span> <span class='ocrx_word' id='word_1_265' title='bbox 911 3529 941 3593; x_wconf 92' lang='lat' dir='ltr'><strong>si</strong></span> <span class='ocrx_word' id='word_1_266' title='bbox 974 3529 1056 3594; x_wconf 90' lang='lat' dir='ltr'><strong>illut</strong></span> <span class='ocrx_word' id='word_1_267' title='bbox 1091 3534 1228 3614; x_wconf 88' lang='lat' dir='ltr'><strong>tempus</strong></span> <span class='ocrx_word' id='word_1_268' title='bbox 1265 3531 1452 3605; x_wconf 86' lang='lat' dir='ltr'><strong>advenerit,</strong></span> 
     </span>
    </p>
   </div>
   <div class='ocr_carea' id='block_1_3' title="bbox 333 3618 1454 3773">
    <p class='ocr_par' dir='ltr' id='par_1_3' title="bbox 333 3618 1454 3773">
     <span class='ocr_line' id='line_1_35' title="bbox 333 3618 1454 3772; baseline -0.002 -89"><span class='ocrx_word' id='word_1_269' title='bbox 333 3620 470 3772; x_wconf 35' lang='lat' dir='ltr'><strong>quando</strong></span> <span class='ocrx_word' id='word_1_270' title='bbox 496 3639 616 3743; x_wconf 64' lang='lat' dir='ltr'><strong>porum</strong></span> <span class='ocrx_word' id='word_1_271' title='bbox 638 3638 757 3683; x_wconf 91' lang='lat' dir='ltr'><strong>vocem</strong></span> <span class='ocrx_word' id='word_1_272' title='bbox 780 3619 1067 3703; x_wconf 84' lang='lat' dir='ltr'><strong>quinquaginerio</strong></span> <span class='ocrx_word' id='word_1_273' title='bbox 1095 3640 1238 3684; x_wconf 92' lang='lat' dir='ltr'><strong>numero</strong></span> <span class='ocrx_word' id='word_1_274' title='bbox 1266 3618 1322 3684; x_wconf 85' lang='lat' dir='ltr'><strong>lex</strong></span> <span class='ocrx_word' id='word_1_275' title='bbox 1349 3619 1454 3702; x_wconf 91' lang='lat' dir='ltr'><strong>sopiri</strong></span> 
     </span>
     <span class='ocr_line' id='line_1_36' title="bbox 334 3707 552 3773; baseline -0.005 -2"><span class='ocrx_word' id='word_1_276' title='bbox 334 3708 433 3773; x_wconf 87' lang='lat' dir='ltr'><strong>decre</strong></span> <span class='ocrx_word' id='word_1_277' title='bbox 458 3707 488 3771; x_wconf 90' lang='lat' dir='ltr'><strong>it</strong></span> <span class='ocrx_word' id='word_1_278' title='bbox 515 3708 552 3770; x_wconf 77' lang='lat'><strong>·².</strong></span> 
     </span>
    </p>
   </div>
   <div class='ocr_carea' id='block_1_4' title="bbox 378 3954 1403 4022">
    <p class='ocr_par' dir='ltr' id='par_1_4' title="bbox 378 3954 1403 4022">
     <span class='ocr_line' id='line_1_37' title="bbox 378 3954 1403 4022; baseline -0.002 -4"><span class='ocrx_word' id='word_1_279' title='bbox 378 3955 468 4019; x_wconf 84' lang='lat' dir='ltr'><strong>IIII.</strong></span> <span class='ocrx_word' id='word_1_280' title='bbox 485 3955 699 4020; x_wconf 81' lang='lat' dir='ltr'>TITULUS:</span> <span class='ocrx_word' id='word_1_281' title='bbox 736 3955 798 4019; x_wconf 80' lang='lat' dir='ltr'><strong>DE</strong></span> <span class='ocrx_word' id='word_1_282' title='bbox 829 3955 1073 4022; x_wconf 80' lang='lat' dir='ltr'>EXPOSITIS</span> <span class='ocrx_word' id='word_1_283' title='bbox 1104 3954 1403 4020; x_wconf 81' lang='lat' dir='ltr'><strong>INFANTIBUS.</strong></span> 
     </span>
    </p>
   </div>
   <div class='ocr_carea' id='block_1_5' title="bbox 429 4079 1455 4253">
    <p class='ocr_par' dir='ltr' id='par_1_5' title="bbox 429 4079 1455 4253">
     <span class='ocr_line' id='line_1_38' title="bbox 429 4079 1455 4232; baseline -0.003 -89"><span class='ocrx_word' id='word_1_284' title='bbox 429 4080 457 4143; x_wconf 92' lang='lat' dir='ltr'><strong>I.</strong></span> <span class='ocrx_word' id='word_1_285' title='bbox 493 4080 542 4144; x_wconf 91' lang='lat' dir='ltr'><strong>Ut</strong></span> <span class='ocrx_word' id='word_1_286' title='bbox 557 4101 637 4232; x_wconf 50' lang='lat' dir='ltr'><strong>·pr·(l;</strong></span> <span class='ocrx_word' id='word_1_287' title='bbox 663 4081 817 4165; x_wconf 88' lang='lat' dir='ltr'><strong>exposito</strong></span> <span class='ocrx_word' id='word_1_288' title='bbox 847 4079 1023 4145; x_wconf 84' lang='lat' dir='ltr'><strong>infantulo</strong></span> <span class='ocrx_word' id='word_1_289' title='bbox 1055 4081 1207 4163; x_wconf 91' lang='lat' dir='ltr'><strong>ingenuo</strong></span> <span class='ocrx_word' id='word_1_290' title='bbox 1238 4080 1363 4144; x_wconf 87' lang='lat' dir='ltr'><strong>serviat</strong></span> <span class='ocrx_word' id='word_1_291' title='bbox 1394 4080 1455 4161; x_wconf 93' lang='lat' dir='ltr'><strong>qui</strong></span> 
     </span>
     <span class='ocr_line' id='line_1_39' title="bbox 493 4189 646 4253; baseline -0.013 -20"><span class='ocrx_word' id='word_1_292' title='bbox 493 4189 646 4253; x_wconf 85' lang='lat' dir='ltr'><strong>pro1ecr.</strong></span> 
     </span>
    </p>
   </div>
   <div class='ocr_carea' id='block_1_6' title="bbox 439 4338 1142 4390">
    <p class='ocr_par' dir='ltr' id='par_1_6' title="bbox 439 4338 1142 4390">
     <span class='ocr_line' id='line_1_40' title="bbox 439 4338 1142 4390; baseline 0.001 -9"><span class='ocrx_word' id='word_1_293' title='bbox 439 4339 462 4389; x_wconf 88' lang='lat' dir='ltr'><strong>d)</strong></span> <span class='ocrx_word' id='word_1_294' title='bbox 477 4342 605 4382; x_wconf 83' lang='lat' dir='ltr'><strong>censionem</strong></span> <span class='ocrx_word' id='word_1_295' title='bbox 619 4343 666 4385; x_wconf 66' lang='lat'><strong>121.</strong></span> <span class='ocrx_word' id='word_1_296' title='bbox 721 4345 742 4390; x_wconf 85' lang='lat' dir='ltr'><strong>e)</strong></span> <span class='ocrx_word' id='word_1_297' title='bbox 756 4346 831 4382; x_wconf 81' lang='lat' dir='ltr'><strong>actum</strong></span> <span class='ocrx_word' id='word_1_298' title='bbox 845 4343 891 4384; x_wconf 72' lang='grc' dir='ltr'><strong>ΕΙ.</strong></span> <span class='ocrx_word' id='word_1_299' title='bbox 945 4338 1079 4389; x_wconf 68' lang='lat' dir='ltr'><strong>ndecrevlt</strong></span> <span class='ocrx_word' id='word_1_300' title='bbox 1093 4341 1142 4382; x_wconf 70' lang='lat'><em>122.</em></span> 
     </span>
    </p>
   </div>
   <div class='ocr_carea' id='block_1_7' title="bbox 334 4482 1113 4551">
    <p class='ocr_par' dir='ltr' id='par_1_7' title="bbox 334 4482 1113 4551">
     <span class='ocr_line' id='line_1_41' title="bbox 334 4482 1113 4551; baseline -0.003 -13"><span class='ocrx_word' id='word_1_301' title='bbox 334 4485 359 4550; x_wconf 84' lang='grc'><strong>1)</strong></span> <span class='ocrx_word' id='word_1_302' title='bbox 377 4484 534 4538; x_wconf 74' lang='lat' dir='ltr'><strong>chvittitur</strong></span> <span class='ocrx_word' id='word_1_303' title='bbox 551 4485 588 4536; x_wconf 83' lang='lat' dir='ltr'><strong>ad</strong></span> <span class='ocrx_word' id='word_1_304' title='bbox 606 4485 645 4550; x_wconf 90' lang='lat' dir='ltr'><strong>II,</strong></span> <span class='ocrx_word' id='word_1_305' title='bbox 666 4485 691 4549; x_wconf 85' lang='lat'><strong>5,</strong></span> <span class='ocrx_word' id='word_1_306' title='bbox 712 4485 737 4538; x_wconf 81' lang='lat'><strong>9.</strong></span> <span class='ocrx_word' id='word_1_307' title='bbox 809 4484 838 4550; x_wconf 80' lang='lat'><strong>2)</strong></span> <span class='ocrx_word' id='word_1_308' title='bbox 855 4483 946 4551; x_wconf 81' lang='lat' dir='ltr'><strong>Supra</strong></span> <span class='ocrx_word' id='word_1_309' title='bbox 965 4499 985 4537; x_wconf 86' lang='lat' dir='ltr'><strong>c.</strong></span> <span class='ocrx_word' id='word_1_310' title='bbox 1004 4486 1030 4538; x_wconf 80' lang='lat'><strong>2.</strong></span> <span class='ocrx_word' id='word_1_311' title='bbox 1049 4482 1076 4537; x_wconf 77' lang='lat' dir='ltr'><strong>h.</strong></span> <span class='ocrx_word' id='word_1_312' title='bbox 1095 4490 1113 4537; x_wconf 79' lang='lat' dir='ltr'><strong>t.</strong></span> 
     </span>
    </p>
   </div>
   <div class='ocr_carea' id='block_1_8' title="bbox 0 0 1636 5206">
    <p class='ocr_par' dir='ltr' id='par_1_8' title="bbox 0 0 1636 5206">
     <span class='ocr_line' id='line_1_42' title="bbox 0 0 1636 5206; baseline 0 0"><span class='ocrx_word' id='word_1_313' title='bbox 0 0 1636 5206; x_wconf 95' lang='lat' dir='ltr'><strong> </strong></span> 
     </span>
    </p>
   </div>
  </div>
 </body>
</html>
