3198 5202
322 566 400 621 Lux
418 565 533 622 visus.
552 565 822 624 Ruccnssvnvn.
859 566 941 636 vm,
960 571 985 636 1,
1004 570 1082 625 5-7.
1213 573 1267 626 229

142 754 253 826 rem⁸,
286 770 352 832 que
381 749 424 814 ab
449 749 517 813 alio
540 750 744 832 possidetur,
776 753 855 835 post
877 745 1027 815 nomenb
1056 751 1149 834 regie
1173 755 1266 835 pote-

143 839 243 902 statis
270 837 326 903 vel
357 838 574 902 dominorum
605 858 743 902 suorum
774 842 836 903 aut
865 859 965 903 suum
995 860 1162 924 usurpare
1193 861 1265 923 pre-

142 930 256 991 sumat
277 929 358 990 ante
382 926 558 990 iudicium.
595 925 696 1004 Quod
719 928 748 991 si
770 949 841 991 non
856 930 1039 1012 expectata
1054 929 1265 994 discussione

141 1016 186 1090 id,
217 1016 310 1098 quod
338 1015 382 1079 ab
406 1015 474 1079 alio
497 1015 693 1099 possidetur
715 1019 777 1080 aut
799 1017 885 1080 iuris
908 1016 1051 1081 alterius
1075 1036 1148 1081 esse
1172 1017 1265 1082 dino-

143 1105 259 1180 scitur,
283 1104 459 1180 invaserit,
483 1108 618 1180 omne⁰,
649 1105 742 1186 quod
769 1105 915 1168 abstulit
937 1104 994 1170 vel
1017 1105 1264 1188 presumtiosus

2 1177 3 1188 ¹
108 1248 114 1261 ,
142 1193 278 1270 invasit,
310 1193 347 1255 in
375 1192 521 1277 duplum
548 1193 581 1256 ei
607 1193 779 1270 restituat,
812 1195 854 1259 de
879 1194 975 1257 cuius
998 1194 1072 1258 iure
1095 1194 1188 1258 visus
1212 1199 1264 1259 est

142 1281 335 1357 abstulisse,
367 1281 432 1345 hac
463 1280 678 1364 singulorum
707 1302 877 1346 annorum
905 1283 1034 1365 fruges,
1068 1302 1152 1365 quas
1182 1283 1263 1348 inde

142 1369 293 1434 fideliter
322 1364 515 1452 colligisse‘¹
548 1370 723 1448 iuraverit,
754 1371 899 1453 petitori
928 1370 1145 1454 conpellatur
1175 1372 1263 1436 exol-

138 1477 229 1522 vere.
266 1457 311 1520 111
333 1460 461 1535 tamen,
486 1458 516 1520 si
538 1477 654 1522 servus
678 1458 806 1541 absque
830 1458 960 1522 domini
982 1458 1173 1523 volumtate
1196 1460 1262 1524 hoc

139 1546 277 1623 fecerit,
309 1556 353 1611 00
381 1547 523 1630 insuper
552 1549 713 1611 extensus
743 1547 881 1630 publice
910 1547 1050 1630 flagella
1079 1547 1260 1631 suscipiat;

139 1635 190 1698 ita
206 1638 257 1713 ut,
283 1635 312 1698 11
335 1635 493 1698 dominus
517 1656 579 1718 pro
594 1635 645 1699 rei
661 1635 867 1718 duplacione
882 1636 1035 1700 noluerit
1051 1636 1260 1713 satisfacere,

139 1744 221 1800 rem,
247 1744 313 1806 que
337 1723 455 1787 ablata
470 1727 532 1800 est,
556 1724 594 1785 in
617 1744 657 1788 eo
680 1724 808 1787 11111111Θ
830 1745 908 1788 cum
923 1725 1083 1808 frugibus
1098 1726 1262 1789 restituat

140 1815 175 1875 ct
198 1813 347 1876 eundem
371 1833 505 1876 servum
529 1832 590 1895 pro
614 1811 701 1876 facti
722 1813 919 1877 temeritate
943 1813 1124 1878 insistente
1147 1814 1260 1878 iudice

140 1901 180 1977 ei,
207 1901 304 1964 cuius
327 1921 381 1964 res
403 1901 531 1964 invasit
552 1899 609 1964 vel
632 1900 786 1978 abstulit,
812 1902 1019 1966 serviturum
1033 1902 1170 1966 tradere
1191 1923 1261 1966 non

139 1989 295 2053 desistat.
331 1987 561 2054 Omnismodis
584 1989 702 2054 tamen
725 1991 792 2054 erit
815 1989 963 2055 sollicite
982 1991 1258 2074 perquirendum,

138 2097 182 2142 ne
206 2077 363 2160 qualibet
385 2077 543 2142 suasione
565 2077 621 2142 vel
644 2078 777 2141 fraudis
800 2078 945 2142 alicuius
970 2081 1152 2144 conmento
1168 2079 1260 2144 idem

139 2186 255 2230 servus
286 2188 364 2230 cum
394 2166 488 2229 illius
519 2166 650 2230 domini
676 2166 868 2231 volumtate
898 2167 964 2231 hoc
993 2167 1130 2244 fecerit,
1163 2168 1259 2232 cuius

137 2275 210 2318 rem
241 2254 359 2318 ablata
388 2275 461 2319 esse
492 2255 702 2331 constiterit;
735 2258 771 2318 et
794 2256 823 2318 si
845 2256 896 2319 ita
918 2258 1118 2340 reppertum
1140 2256 1257 2333 fuerit,

138 2343 235 2406 iuxta
259 2342 362 2407 aliam
385 2343 520 2427 legem1
543 2343 711 2420 dominus,
739 2344 799 2426 qui
822 2344 931 2407 suasit
953 2343 1009 2408 vel
1032 2344 1161 2407 malum
1185 2344 1260 2409 fieri

137 2431 379 2496 fraudulenter
395 2432 560 2515 permisit,
578 2435 746 2514 quantum
763 2452 879 2496 servus
894 2431 1036 2510 tulerat,
1060 2432 1259 2516 septuplum

139 2520 298 2583 dominus
331 2521 383 2584 rei
417 2520 555 2584 domino
586 2520 675 2584 servi
704 2520 891 2604 persolvat,
925 2524 960 2585 et
990 2541 1125 2585 servum
1158 2541 1258 2584 suum

138 2609 297 2672 dominus
321 2609 393 2672 eius
417 2629 556 2673 securus
579 2609 763 2693 possideat.

547 2743 599 2800 11.
630 2743 842 2814 aurnuns.

181 2839 226 2903 si
253 2840 304 2902 ad
332 2839 630 2923 diripiendum
660 2839 844 2922 quisque
875 2838 988 2903 alios
1018 2839 1211 2903 invitare

544 2928 836 3011 repperiatur.

243 3033 280 3097 si
304 3035 379 3116 quis
407 3035 451 3097 ad
475 3034 707 3117 diripiendum
730 3033 815 3097 alios
838 3033 1046 3111 invitaverit,
1071 3037 1120 3111 111,
1146 3034 1255 3098 cuius·

135 3142 281 3205 cumque
303 3143 376 3186 rem
396 3125 530 3187 evertat
553 3125 614 3186 aut
637 3143 761 3206 pecora
783 3122 839 3187 vel
862 3122 1026 3186 animalia
1041 3142 1254 3206 quecumque

134 3211 287 3294 diripiat,
317 3210 381 3289 illi,
411 3212 508 3275 cuius
535 3231 589 3275 res
613 3210 750 3295 direpta
773 3213 834 3288 est,
865 3212 903 3274 in
925 3211 1160 3294 undecuplum
1187 3231 1254 3294 que

133 3302 216 3362 sunt
239 3299 377 3363 sublata
399 3300 572 3364 restituat.
618 3298 682 3362 Hii
703 3320 794 3376 vero,
825 3300 885 3382 qui
912 3319 991 3363 cum
1014 3300 1087 3383 ipso
1109 3299 1252 3377 fuerint,

134 3388 163 3450 si
185 3389 328 3471 ingenui
351 3381 471 3465 suntl,
495 3389 617 3471 quinos
634 3387 761 3451 solidos
785 3408 977 3472 conponere
1001 3387 1251 3471 conpellantur,

133 3480 194 3540 aut
218 3477 246 3539 si
269 3497 339 3540 non
361 3476 557 3552 habuerint,
581 3478 673 3540 unde
697 3479 903 3561 conponant,
932 3477 1174 3559 quinquagena
1195 3476 1253 3540 fla·

133 3564 226 3647 gella
249 3566 448 3649 suscipiant.
495 3564 532 3628 Si
554 3585 635 3629 vero
664 3565 753 3630 servi
780 3566 846 3630 hoc
874 3565 947 3629 sine
972 3565 1102 3629 domini
1123 3564 1252 3629 volum·

132 3655 206 3718 tate
237 3654 467 3730 conmiserint,
499 3654 652 3718 centenis
683 3654 933 3737 quinquagenis
962 3652 1109 3736 flagellis
1138 3654 1253 3718 verbe·

132 3745 262 3819 rentur,
287 3745 323 3806 et
346 3743 388 3806 ab
414 3743 462 3806 eis
485 3763 539 3807 res
563 3742 672 3805 omnis
695 3742 732 3806 in
755 3743 882 3805 istatu⁰
910 3742 1086 3806 reddatur.

533 3877 599 3932 vn.
630 3877 844 3947 auricula.

132 3971 189 4036 Ne
213 3972 394 4037 absente
418 3973 589 4037 domino
611 3972 676 4037 vel
698 3974 740 4035 in
764 3973 1047 4056 expeditione
1071 3971 1251 4057 publica

169 4061 418 4124 constituto
442 4054 720 4144 cuiusquamb
749 4061 896 4124 domus
923 4061 1211 4143 inquietetur.

236 4166 364 4230 Nullus
381 4167 520 4231 domum
536 4168 706 4250 inquietet
722 4167 874 4231 absentis
897 4187 961 4230 nec
979 4167 1016 4228 111
1031 4165 1250 4250 expeditione

237 4322 263 4363 V.
290 4321 412 4368 presul.
445 4321 623 4370 b)nomineBl.
658 4323 830 4370 c)omnsmBl.
864 4317 888 4369 (1)
898 4320 1068 4370 colleglsselti.
1102 4320 1250 4367 1111111112.

236 4375 275 4416 VI.
316 4374 470 4421 1)(11011112,
525 4374 667 4426 1))11111111.
722 4375 880 4422 1111111182.

236 4428 287 4470 VII.
328 4429 350 4474 s)
364 4429 420 4466 deest
434 4429 482 4470 122.
536 4428 560 4476 b)
573 4429 605 4466 ita
619 4428 641 4466 E
649 4430 667 4472 1.
677 4428 701 4479 23
717 4429 901 4476 culuscumquam
915 4428 966 4478 1315
982 4427 1141 4474 cuiuscumque
1157 4425 1205 4468 122.

132 4534 157 4599 1)
173 4533 263 4601 Supra
283 4534 344 4600 VII,
365 4537 391 4601 2,
406 4537 430 4601 6,
448 4552 476 4601 p.
494 4535 555 4589 208.
