3218 5202
368 551 446 607 LEX
463 552 578 610 VISIG.
597 553 865 611 Rsccussvmn.
902 555 941 621 11,
961 559 986 625 5,
1000 559 1044 613 15.
1231 559 1267 613 85

144 736 279 800 nescire
320 735 485 819 nullaque
523 737 675 801 evidenti
714 738 909 821 cognitione
948 758 1080 822 sapere,
1125 758 1185 802 seu
1224 739 1266 804 ab

146 828 268 888 autore
303 845 364 888 suo
399 824 554 908 legitime
588 826 654 890 hac
689 826 848 910 legaliter
882 826 1076 890 confectam
1111 826 1265 905 existere,

144 906 280 995 neque¹¹
307 913 570 996 suscriptionem
592 913 648 978 vel
671 915 807 998 signum
831 915 960 978 autoris
983 909 1143 979 veridicil
1172 915 1267 980 facta

145 1021 363 1084 cognoscere.
407 1002 491 1065 Post
514 1002 578 1066 hec
601 1003 776 1085 querenda
799 1002 842 1067 ab
866 1003 1020 1086 utrisque
1050 1003 1206 1087 partibus
1229 1005 1266 1067 in

145 1090 281 1153 scriniis
298 1089 493 1154 domesticis
515 1091 746 1154 instrumenta
761 1093 942 1168 cartarum,
967 1094 1008 1154 ut
1024 1093 1266 1176 contropatism

144 1178 294 1241 aliarum
317 1179 566 1263 scripturarum
585 1179 870 1263 suscriptionibus
893 1180 1004 1262 adque
1028 1181 1134 1263 signis
1157 1181 1275 1264 possit,

144 1267 295 1350 agnosci,
320 1270 439 1330 utrum
457 1267 628 1332 habeatur
649 1268 783 1344 idonea,
808 1273 874 1331 an¹¹
892 1268 1096 1352 reprobetur
1111 1269 1264 1353 indigna.

144 1355 222 1418 Iam
245 1357 339 1433 tunc,
365 1354 394 1420 si
416 1355 453 1417 in
471 1355 667 1420 domesticis
691 1357 824 1420 scriniis
847 1357 1016 1441 scripture
1040 1357 1170 1420 autoris
1193 1377 1265 1442 rep-

142 1446 242 1527 perte
265 1463 336 1506 non
357 1443 523 1520 fuerint0,
555 1444 599 1506 ad
628 1465 774 1527 quarum
803 1444 1065 1509 similitudinem
1094 1445 1265 1530 scriptura

142 1531 282 1616 prolata
297 1532 461 1608 firmetur,
486 1531 537 1594 ita
552 1532 691 1596 demum
705 1533 775 1609 ille,
800 1533 860 1616 qui
882 1533 1101 1617 iscripturam
1120 1533 1262 1616 profert,

141 1621 352 1704 ubicumque
380 1621 534 1704 potuerit
560 1621 646 1684 alias
670 1622 856 1704 scripturas
879 1622 1009 1685 autoris
1032 1624 1193 1705 procuret
1216 1623 1263 1684 in-

141 1710 294 1792 quirere,
333 1729 394 1793 per
428 1729 574 1791 quarum
609 1709 871 1774 similitudinem
905 1710 1124 1795 scripturam,
1161 1731 1263 1792 quam

141 1798 287 1881 profert,
312 1803 453 1861 veraml'
481 1817 554 1862 esse
582 1797 771 1862 confimet.
818 1797 941 1880 Sicque
969 1818 1031 1882 per
1057 1798 1164 1862 talem
1188 1819 1263 1862 con-

139 1885 352 1950 venientiam
367 1885 493 1949 latenti
507 1885 653 1950 veritate
669 1889 839 1970 repperta,
863 1906 928 1950 nec
943 1886 1012 1963 ille,
1033 1887 1092 1970 qui
1107 1887 1262 1971 iscriptu·

138 1995 216 2037 ram
239 1974 382 2058 profert,
410 1974 448 2036 in
471 1974 726 2038 convincendoq
751 1995 826 2038 eam
850 1994 922 2039 esse
945 1975 1105 2038 idoneam
1128 1996 1170 2040 ex
1192 1976 1262 2040 lon-

138 2062 269 2146 ginquo
285 2064 392 2126 testes
408 2062 578 2126 advocans
595 2063 721 2125 damna
736 2063 914 2139 sustineat,
931 2084 994 2128 nec
1010 2063 1080 2140 ille,
1097 2064 1157 2147 qui
1172 2064 1261 2128 hanc

138 2151 332 2216 contemnit
347 2151 509 2235 recipere,
527 2171 651 2235 penam
662 2151 845 2235 iscripture
860 2154 1004 2235 cogatur
1015 2151 1159 2236 inplere.
1183 2151 1262 2231 Qui·

139 2239 205 2304 bus
227 2238 279 2302 ita
301 2239 398 2316 actis,
423 2240 452 2303 si
474 2238 544 2316 ille,
568 2239 628 2322 qui
650 2239 869 2325 iscripturam
887 2240 1066 2324 indignam
1090 2259 1162 2305 esse
1186 2261 1261 2304 con·

137 2328 263 2404 tendit,
295 2347 366 2390 non
395 2347 458 2411 pro
481 2328 637 2392 veritatis
665 2327 870 2411 cognitione,
902 2329 962 2392 sed
992 2348 1054 2413 pro
1084 2329 1158 2393 sola
1185 2349 1260 2393 con·

137 2416 314 2479 motioner
351 2417 460 2500 partis
495 2416 636 2480 adverse
671 2417 715 2480 ad
750 2417 1019 2480 convincendam
1053 2413 1260 2501 dignitatem

137 2504 320 2588 scripture,
351 2507 387 2568 et
417 2504 472 2566 ins
502 2505 713 2569 adducendis
742 2505 890 2568 testibus
921 2507 956 2569 et
985 2505 1023 2568 in
1050 2506 1259 2570 sustinendis

137 2593 330 2676 dispendiis
360 2592 517 2657 laborare
546 2593 670 2657 fecerit
700 2593 948 2670 adversantem,
978 2597 1064 2658 tunc
1086 2594 1170 2678 ipse,
1200 2596 1259 2677 qui

136 2681 361 2765 iscripturam
376 2681 518 2765 profert,
543 2681 680 2746 exibitis
703 2681 851 2746 testibus
875 2702 947 2746 esse
970 2683 1130 2746 idoneam
1154 2686 1189 2747 et
1212 2683 1259 2746 in·

136 2770 247 2833 lesam
277 2770 484 2853 scripturam
514 2770 681 2846 adfirmet,
713 2770 778 2834 hac
801 2774 921 2854 postea
944 2771 992 2834 sic
1014 2770 1084 2847 ille,
1115 2772 1176 2854 qui
1198 2792 1259 2856 per

137 2858 397 2922 contentionem
419 2854 629 2921 indebitamt
651 2858 688 2922 in
704 2858 915 2922 adducendis
937 2859 1086 2923 testibus
1106 2858 1258 2924 laborem

136 2946 260 3010 intulit
290 2946 495 3024 adversanti,
525 2952 671 3030 penam¹¹
698 2947 824 3024 damni,
856 2968 958 3030 quam
988 2947 1160 3031 scriptura
1182 2968 1257 3011 con·

135 3035 238 3112 tinet,
264 3035 441 3099 evidenter
464 3034 651 3119 adinpleat.
699 3033 800 3100 Certe
823 3035 878 3098 siv
905 3038 966 3098 aut
988 3038 1088 3098 tanta
1110 3056 1164 3099 res
1187 3057 1258 3099 non

137 3126 201 3200 est,
232 3123 325 3187 unde
353 3128 499 3207 penamu
526 3123 695 3208 suppleat,
726 3144 830 3206 quam
860 3127 961 3187 autor
991 3124 1063 3188 eius
1093 3124 1255 3201 instituit,

136 3233 242 3294 quam
273 3212 344 3276 deW
374 3211 476 3276 rebus
511 3211 580 3276 suis
614 3211 809 3295 legitimum
842 3212 1009 3276 iudicium
1038 3212 1159 3289 ferret,
1196 3215 1257 3276 aut

137 3301 244 3365 etiam
276 3303 419 3384 sponte¹
446 3319 507 3364 suo
531 3301 620 3364 hanc
643 3301 754 3384 ipsam
783 3321 907 3384 penam
936 3301 1076 3364 noluity
1102 3300 1255 3385 implere,

134 3394 249 3465 remw,
283 3408 349 3471 que
379 3388 433 3451 illi
463 3388 505 3452 de
536 3389 690 3453 eiusdem
720 3389 850 3452 autoris
881 3389 1058 3473 conpetit²
1093 3389 1182 3465 iure,
1214 3390 1254 3465 ei,

134 3497 239 3560 quem
271 3477 499 3542 convexabit⁸
532 3477 700 3553 indebite,
737 3479 882 3560 cogatur
911 3477 1072 3542 cessionis
1102 3477 1256 3542 ordinem

134 3567 230 3628 dare.
277 3563 378 3629 Hanc
409 3585 489 3630 sane
520 3564 632 3649 legem
663 3565 700 3628 in
730 3565 811 3629 solis
841 3569 1023 3649 parentum
1053 3559 1251 3649 scripturisb

134 3653 305 3718 servanda
328 3673 400 3718 esse
424 3654 648 3730 decernimus,
672 3657 814 3738 propter
831 3654 923 3736 quod
938 3654 1027 3718 filios
1042 3654 1098 3718 vel
1113 3657 1256 3738 nepotes

132 3743 267 3806 iniusta
296 3742 517 3807 contentione
547 3742 590 3806 ab
621 3741 827 3806 alterutrum
863 3745 948 3805 aut⁰
983 3761 1019 3806 se
1053 3745 1115 3805 aut
1148 3745 1255 3806 extra·

132 3850 280 3894 neorum
310 3833 425 3915 partes
452 3831 600 3895 vidimus
630 3851 834 3908 convexare;
865 3824 940 3894 sta‘1
973 3830 1151 3895 evidenter
1179 3851 1255 3895 con·

134 3919 272 3983 dicione
303 3922 450 3996 servata,
487 3922 541 3996 ut,
577 3919 606 3982 si
636 3939 677 3983 ex
709 3918 786 3982 aliis
816 3919 1110 4004 oppositionibus⁰
1138 3918 1255 4002 legum

2 4027 3 4062 1
133 4001 278 4072 eademf
305 4007 477 4091 scriptura
507 4000 654 4071 dicisurf
681 4006 914 4085 convellenda,
938 4028 1004 4071 vox
1029 4007 1254 4092 inpugnantis

2 4181 3 4192 ἵ
132 4115 197 4180 pro
222 4099 316 4160 certo
340 4095 385 4159 sit
407 4095 551 4160 liberass.

243 4267 267 4316 k)
281 4278 310 4308 ne
324 4269 371 4310 31.
418 4267 435 4315 l)
448 4267 481 4306 ita
494 4268 543 4310 Rs.
557 4267 608 4317 Eli
623 4265 716 4307 vereflci
729 4268 776 4310 131.
820 4269 850 4316 m)
866 4267 1010 4318 conpmbstis
1024 4268 1071 4310 ΕΙ.
1117 4269 1142 4314 n)
1155 4267 1198 4306 hsc
1208 4277 1253 4315 pro

131 4331 166 4360 sn
179 4321 227 4363 121.
273 4322 296 4369 o)
310 4321 439 4363 lueritlii.
487 4323 511 4371 p)
524 4331 580 4360 vers
593 4322 640 4363 ΕΙ.
685 4323 708 4369 q)
722 4319 878 4361 conveniendo
892 4322 939 4363 121.
980 4321 999 4368 r)
1014 4320 1185 4360 commotionem
1198 4321 1252 4370 122,

132 4374 304 4414 conmutatione
317 4376 380 4425 pacis
393 4372 490 4415 adverse
505 4375 551 4417 ΕΙ.
605 4375 625 4420 s)
638 4371 669 4412 sd
682 4371 816 4414 inducendis
830 4375 876 4416 121.
931 4373 949 4424 i)
963 4371 1088 4414 indubitum
1103 4374 1253 4416 excomm.

131 4429 159 4476 u)
174 4428 294 4477 pensRI.
361 4427 385 4479 v)
399 4429 472 4468 suisi
486 4428 533 4469 131.
600 4428 630 4474 vv)
644 4427 700 4466 deest
714 4427 760 4470 ΕΙ.
827 4426 851 4478 x)
865 4428 1023 4476 expensam.
1091 4429 1114 4478 y)
1128 4425 1253 4468 nolliilil.

130 4480 155 4530 ι)
170 4481 336 4530 conpeteilil.
377 4481 566 4528 mvexabitlel.
606 4478 811 4530 b)scripturcR1.
852 4480 973 4531 c)uiR1.
1014 4477 1037 4529 d)
1051 4480 1145 4529 iis1313
1160 4479 1253 4520 stass.

131 4535 155 4582 e)
171 4533 349 4584 expositionibus
363 4534 410 4576 Bi.
450 4531 577 4582 neandem
590 4533 726 4582 scripturam
740 4531 834 4574 dicimus
849 4534 896 4576 121.
938 4536 961 4582 g)
974 4533 1050 4571 literas
1064 4543 1103 4572 ers
1116 4542 1193 4572 eram
1206 4533 1252 4575 121.
