3218 5202
325 530 403 587 nnn
420 531 536 588 visre.
554 531 823 588 ancenssvnvo.
860 531 1059 602 1111,1,e.s;
1083 539 1110 592 a
1176 513 1180 521 '
1227 539 1279 592 aa

157 714 306 764 etseras
327 709 521 775 abavunculus,
543 708 734 764 abmatertera
769 708 809 764 Hi
827 713 891 764 sunt
909 708 1025 765 abaviah
1046 714 1160 780 paterne
1179 715 1278 766 mater·

156 797 246 850 neque
263 780 350 834 frater
367 783 395 834 et
414 789 516 834 sorore
538 780 671 848 abavique
688 779 839 837 marcii.

262 848 325 905 Hoc
343 867 453 920 quoque
471 850 611 920 explanari
629 851 745 920 amplius
763 868 820 906 non
837 855 959 922 possunt,
985 868 1068 920 quam
1093 850 1199 906 autork
1219 853 1412 922 ipsam-sat.

157 921 291 978 fflsseruit.
1286 908 1397 1010 {ffi'

680 1043 748 1102 VII.

157 1157 216 1222 De
238 1153 439 1241 peisonis
463 1157 641 1240 septimi
664 1156 854 1240 generis,
883 1177 964 1240 que
991 1156 1166 1241 legibus
1192 1178 1276 1222 non

588 1249 839 1310 tenenturl.

262 1344 387 1414 Septimo
408 1344 495 1416 meda
512 1345 561 1414 qui
578 1348 643 1398 sient
660 1346 770 1416 cognati
787 1349 863 1400 recta
880 1345 953 1400 linea
970 1361 1052 1415 supra
1069 1345 1195 1414 initaque
1212 1363 1275 1415 pro·
1285 1359 1313 1402 a,
1322 1361 1339 1400 v.

156 1415 223 1484 priis
238 1416 395 1470 nominibus
412 1413 489 1470 nonb
511 1417 696 1486 appellantur3
720 1416 769 1471 sed
787 1433 822 1471 ex
839 1422 994 1471 mansverea
1011 1416 1084 1470 linea
1100 1417 1276 1471 continentur

157 1486 247 1541 fratris
258 1488 392 1542 sororisve
405 1487 562 1556 adnepotes,
581 1487 721 1557 adneptes,
734 1487 898 1556 consubrini,
911 1487 1074 1542 consubrine
1091 1485 1141 1544 filii
1157 1487 1275 1556 filioque.

262 1556 447 1612 Successionis
472 1561 564 1612 autem
588 1558 691 1612 idcirco
713 1558 814 1628 gradus
832 1562 938 1628 septem
956 1557 1097 1613 constituti
1115 1561 1187 1626 sunt,
1211 1559 1275 1626 quia
1284 1573 1312 1615 a.
1320 1573 1339 1615 8.

158 1625 269 1684 ulterim
290 1645 341 1698 per
365 1645 458 1683 rerum
475 1632 574 1684 natura
591 1646 643 1684 nec
661 1630 773 1684 nomina
790 1629 907 1685 inveniri
924 1645 975 1684 nec
993 1627 1050 1683 vita
1067 1628 1275 1684 suceedentibus

156 1701 319 1770 aava&
341 1703 440 1770 peasa

313 1970 362 2033 Π.
378 1969 592 2035 TITULUS:
624 1969 687 2036 DE
712 1967 1113 2035 SUOOESSIONIBUS.

303 2111 332 2174 Ι.
367 2112 417 2176 Ut
432 2131 563 2176 sorores
579 2133 658 2178 cum
672 2111 840 2176 fratribus
856 2111 1025 2194 equaliter
1038 2111 1076 2175 in
1092 2115 1274 2195 parentum

366 2201 562 2266 hereditate
586 2201 782 2265 succedant.

281 2287 330 2350 II.
367 2287 468 2366 Quod
482 2289 520 2352 in
534 2289 739 2355 hereditatis
755 2288 968 2352 successione
985 2287 1049 2351 filii
1063 2288 1167 2372 primi
1182 2292 1272 2352 sunt.

262 2376 332 2440 III.
368 2376 405 2441 Si
435 2380 497 2440 aut
526 2378 569 2442 de
600 2377 768 2461 superiori
790 2379 859 2440 'aut
888 2377 931 2441 de
960 2375 1118 2440 inferiori
1149 2396 1274 2460 genere

368 2466 492 2532 directi
507 2465 637 2530 ordinis
653 2485 797 2550 persone
814 2465 999 2542 defuerint,
1023 2468 1108 2529 tuuc
1129 2485 1150 2528 a
1164 2464 1274 2529 latere

367 2554 544 2620 venientes
566 2554 754 2619 facultates
777 2553 949 2637 accipiant
972 2553 1175 2639 portionisl.

241 2640 331 2705 IIII.
368 2641 436 2721 Qui
459 2643 642 2708 succedere
664 2645 809 2726 possunt
834 2641 873 2705 in
895 2661 1013 2706 eorum
1035 2641 1272 2717 facultatibus,

367 2731 427 2881 qui
455 2731 686 2882 nssctscriptis
720 2751 784 2795 nec
813 2729 961 2794 testibus
996 2750 1093 2793 suam
1127 2729 1274 2812 alligant

367 2839 410 2883 vo
425 2841 484 2882 um
502 2839 523 2883 a
540 2839 604 2884 em.

290 2906 332 2970 V.
367 2906 420 2972 De
448 2907 662 2973 successione
691 2907 841 2971 fratrum
864 2909 900 2971 et
923 2925 1078 2969 sororum
1108 2906 1178 2970 aive
1200 2905 1274 2969 illo·

366 3016 452 3072 rum,
477 2996 537 3079 qui
560 2995 602 3060 de
626 2995 768 3060 diversis
789 2994 991 3079 parentibus
1010 2996 1228 3076 generantur.

270 3081 331 3146 VI.
367 3083 488 3160 Sibis,
513 3084 573 3167 qui
594 3085 749 3160 moritur,
774 3103 857 3148 avus
879 3083 1053 3165 relinquet
1068 3075 1149 3146 autb
1170 3083 1272 3145 avias.

250 3171 332 3236 VII.
368 3171 406 3236 Si
433 3173 496 3250 bis,
528 3172 588 3255 qui
617 3172 773 3249 moritur,
804 3191 935 3236 sorores
965 3170 1139 3253 relinquat
1166 3170 1274 3254 patris
1359 3174 1365 3183 '

368 3263 430 3324 aut
453 3261 582 3324 matris.

231 3348 333 3412 VIII.
369 3347 493 3426 Sibis,
524 3349 584 3432 qui
613 3349 768 3425 moritur,
799 3348 888 3412 filios
918 3348 1036 3411 fratris
1063 3348 1119 3412 vel
1149 3348 1273 3411 sororis

367 3437 581 3520 relinquere⁰
608 3436 803 3502 adestare

210 3525 331 3589 VIIII.
368 3525 469 3605 Quod
497 3526 535 3588 in
564 3545 700 3590 omnem
730 3525 959 3590 hereditatem
987 3518 1137 3588 femina‘1
1165 3523 1275 3607 accipi

368 3614 503 3679 debeat.

288 3702 332 3766 X.
368 3702 493 3780 Item0,
524 3694 585 3765 utf
611 3701 668 3764 in⁰
696 3705 854 3766 omnemg
886 3701 1115 3765 hereditatem
1144 3700 1275 3764 femina

367 3789 479 3874 accipi
501 3791 641 3866 debeat;
674 3793 709 3854 et
738 3790 840 3872 quod,
871 3781 956 3871 quih
986 3789 1097 3872 gradu
1126 3788 1274 3853 alterum

391 3872 556 3956 recedit¹,
582 3878 642 3943 ille
665 3876 915 3942 successionem
937 3877 1081 3940 vicinior
1104 3877 1229 3963 capiat.

268 3967 332 4030 XI.
403 3986 421 4031 e
444 3958 715 4032 successionem¹¹
740 3964 858 4029 mariti
880 3968 916 4030 et
938 3965 1063 4028 uxoris.

248 4055 332 4119 XII.
368 4055 422 4120 De
445 4055 640 4120 hereditate
664 4055 867 4119 clericorum
891 4057 926 4118 et
949 4073 1179 4118 monacorum.

261 4245 284 4294 g)
301 4245 410 4296 amentia
427 4244 582 4284 abavunculus
601 4265 627 4274 -
644 4254 708 4284 soror
727 4245 771 4287 des.
785 4242 831 4286 Bt.
912 4243 936 4291 h)
954 4243 1035 4284 abavie
1053 4246 1147 4292 paterne
1164 4246 1276 4283 materne·

161 4305 201 4345 que
214 4297 264 4349 313
280 4297 346 4338 aviae
359 4301 500 4347 paterneque
513 4298 560 4340 ΕΙ.
614 4297 631 4345 i)
645 4297 736 4346 paterni
749 4297 796 4339 ΕΙ.
850 4295 873 4344 k)
888 4301 966 4336 auctor
980 4297 1027 4340 Μ.

261 4349 313 4394 vn.
340 4353 362 4399 a)
376 4351 506 4391 continetur
519 4351 566 4394 Bt.
605 4350 753 4399 massam.
793 4351 813 4398 c)
827 4349 950 4400 tram,
964 4348 1073 4400 Istam
1086 4347 1203 4398 prorogari
1212 4349 1276 4392 Paul,

262 4405 319 4448 TI'I'.
333 4404 363 4447 11.
398 4406 420 4452 a)
433 4403 560 4453 portionem
574 4403 620 4447 Bt.
660 4405 684 4452 b)
698 4407 721 4444 ct
734 4403 781 4444 121.
822 4405 842 4451 c)
856 4403 971 4451 rellnqust
984 4403 1030 4446 121.
1072 4400 1095 4451 d)
1109 4403 1215 4442 feminam
1228 4402 1275 4445 Bl.

161 4455 309 4549 alolfectltti
359 4457 509 4506 odeeetRl.
560 4457 722 4506 nemnem.
769 4456 912 4504 mquam,
959 4456 976 4504 i)
989 4453 1081 4505 procedi
1094 4456 1141 4499 131.
1188 4453 1276 4504 locuc-

161 4517 257 4550 osssonc
270 4511 317 4554 Β.
