3218 5202
356 552 393 608 5⁴
552 548 630 604 LEX
648 547 765 606 vlsm.
783 547 1054 607 asooasstuun.
1091 547 1169 619 11,1,
1187 552 1231 606 23.
1250 552 1293 606 24.

358 753 442 810 cem,
465 752 536 796 non
559 751 633 798 esse
656 732 886 798 necessarium
910 752 931 796 a
954 734 1102 816 petitore
1118 732 1213 797 dari⁰
1230 732 1478 816 probationem,

356 821 548 905 quamlibet
563 841 667 905 parve
683 821 733 886 rei
756 821 801 885 sit
822 821 922 897 actio,
948 822 1233 886 conscribendum
1257 824 1309 886 est
1330 842 1351 884 a
1366 822 1480 886 iudice

357 931 486 994 suaque
503 930 608 974 manu
630 909 798 974 iudicium
821 910 1063 988 roborandum,
1087 931 1131 974 ne
1154 911 1302 974 fortasse
1325 910 1481 993 quelibet

357 1000 401 1063 ad
424 999 583 1062 iutmum
606 1018 647 1063 ex
671 999 737 1062 hoc
759 991 930 1064 intentiof
957 1002 1145 1063 moveatur.
1193 998 1230 1063 Si
1251 1019 1343 1075 vero,
1368 999 1480 1063 hordi-

356 1090 463 1152 nante
492 1088 616 1166 iudice,
647 1108 718 1150 una
745 1108 824 1171 pars
851 1090 959 1152 testes
982 1087 1174 1165 adduxerit,
1207 1091 1242 1152 et
1272 1088 1356 1151 dum
1385 1109 1480 1171 opor·

355 1177 465 1242 tuerit
488 1195 606 1241 eorum
629 1176 867 1240 testimonium
890 1176 1015 1242 debere
1038 1177 1155 1260 recipi,
1187 1195 1266 1261 pars
1296 1176 1408 1240 altera
1438 1178 1479 1242 de

356 1265 485 1330 iudicio
515 1285 551 1330 se
581 1265 710 1348 absque
740 1265 865 1329 iudicis
895 1265 1082 1330 consultug
1116 1265 1341 1341 subtraxerit,
1376 1265 1480 1330 liceat

356 1354 464 1419 iudici
487 1354 640 1438 prolatos
662 1356 770 1418 testes
794 1347 983 1438 acciperel,
1008 1357 1044 1418 et
1067 1355 1160 1437 quod
1177 1347 1261 1438 ipsi¹
1280 1354 1479 1418 testimonio

357 1463 418 1507 suo
434 1443 656 1520 firmaverint,
673 1436 765 1520 illik,
787 1443 846 1526 qui
862 1463 920 1508 eos
936 1436 1118 1526 protulitl,
1144 1463 1206 1506 sua
1220 1442 1389 1507 instantia
1405 1464 1479 1507 oon-

357 1531 503 1616 signare.
538 1531 628 1595 Nam
652 1532 693 1608 ei,
718 1532 778 1615 qui
800 1531 1042 1596 fraudulenter
1066 1552 1101 1596 se
1123 1532 1167 1596 de
1181 1532 1310 1596 iudicio
1326 1531 1478 1609 sustulit,

356 1622 546 1704 producere
568 1623 694 1685 testem
718 1620 824 1684 alium
846 1621 986 1685 omnino
1009 1621 1075 1685 erit
1097 1620 1280 1698 inlicitum,
1306 1621 1397 1704 quiln
1421 1622 1479 1685 soi·
1590 1643 1591 1688 1

356 1709 439 1774 licet
462 1709 549 1773 hocn
576 1708 642 1772 sibi
664 1712 803 1772 tantum
826 1709 961 1774 noverit
984 1729 1057 1774 esse
1081 1729 1289 1786 concessum,
1318 1712 1359 1771 ut
1387 1713 1479 1774 ante·
1589 1765 1591 1814 ,

357 1819 460 1881 quam
486 1800 594 1862 testes
616 1796 679 1874 illi,
710 1798 770 1880 qui
799 1798 1037 1862 testimonium
1067 1799 1243 1876 dederant,
1275 1798 1477 1875 moriantur,

357 1887 386 1950 si
408 1885 570 1951 habuerit
597 1887 689 1969 quod
712 1886 967 1952 rationabiliter
993 1887 1031 1950 in
1054 1887 1103 1951 eis
1126 1891 1273 1964 accuset,
1305 1888 1479 1970 patienter

357 1975 520 2038 audiatur
542 1995 563 2038 a
585 1975 715 2052 iudice3
741 1978 777 2040 et
799 1977 829 2039 si
852 1979 1032 2040 accusatus
1053 1977 1154 2040 testis
1177 1976 1286 2040 fuerit
1302 1976 1479 2040 evidenter

357 2063 543 2142 convictus,
573 2064 646 2128 eius
669 2064 907 2128 testimonium
929 2085 992 2148 pro
1015 2064 1126 2128 nihilo
1149 2065 1330 2128 habeatur.
1377 2064 1478 2129 Unde

356 2153 422 2216 etsi
452 2152 521 2216 duo
550 2155 657 2217 testes
688 2174 759 2217 non
788 2153 1030 2230 remanserint,
1065 2154 1125 2237 qui
1160 2154 1257 2236 digni
1290 2153 1327 2216 in
1357 2154 1478 2218 eodem
1590 2215 1591 2218 ,

355 2241 612 2305 testimonium⁰
629 2245 801 2318 maneant,
825 2242 895 2320 ille,
920 2242 980 2326 qui
1002 2243 1123 2326 priusl'
1145 2245 1271 2307 testem
1291 2241 1476 2319 obtulerat,

355 2329 449 2392 inira
470 2329 578 2393 trium
600 2331 769 2396 mensium
792 2332 943 2416 spatium
972 2334 1079 2396 testes
1107 2331 1202 2410 alios,
1231 2331 1291 2414 qui
1314 2333 1473 2414 ceptums
1589 2343 1591 2352 ’

355 2418 534 2521 negotium
557 2419 730 2497 firment‘l,
761 2421 934 2503 inquirere
957 2441 1027 2484 non
1051 2420 1206 2484 desistat.
1253 2419 1354 2498 Quod
1378 2420 1408 2483 si
1430 2420 1477 2482 in·

354 2527 471 2571 venire
501 2508 704 2590 nequiverit,
734 2529 808 2572 rem
831 2509 1025 2573 universam
1048 2508 1108 2573 ille
1132 2509 1287 2593 recipiat,
1318 2509 1378 2592 qui
1401 2528 1477 2571 eam
1590 2511 1591 2548 3

356 2598 437 2660 ante
466 2595 558 2660 visus
588 2596 705 2661 iuerat
735 2598 935 2682 possedisse.
989 2597 1101 2662 Iudex
1133 2618 1214 2662 sane
1245 2598 1288 2662 de
1318 2597 1477 2662 omnibus

357 2685 477 2762 causis,
501 2704 567 2767 que
590 2686 804 2764 iudicaverit,
830 2686 1004 2770 exemplar
1025 2707 1130 2771 penes
1147 2707 1182 2751 se
1198 2707 1260 2770 pro
1276 2706 1478 2770 conpescen-

357 2773 409 2837 dis
433 2775 674 2839 controversiis
696 2795 870 2840 reservare
894 2775 1040 2839 curabit.

390 2925 518 2986 XXIIII.
543 2919 716 2985 'FLAVIUS
736 2927 1050 2984 cfflNDASVINDUs
1069 2927 1156 2984 REX.
1187 2927 1405 2982 EMENDATA
1414 2937 1441 2984 ⁸.

401 3038 460 3103 De
496 3033 756 3104 commodisb
794 3042 932 3124 adque
968 3041 1136 3105 damnis
1170 3041 1334 3105 iudicis
1363 3040 1434 3105 vel

829 3149 1005 3194 sa1on1s.

354 3231 359 3238 ’
464 3232 693 3316 Cognovimus
709 3236 838 3300 multos
853 3236 984 3300 iudices
1001 3257 1050 3314 eo,
1073 3237 1174 3319 quod,
1199 3257 1261 3321 per
1277 3235 1479 3319 cupiditatis
1569 3287 1575 3300 .

356 3321 594 3385 hoccasionem
624 3325 924 3406 supergredientes
954 3324 1071 3408 legum
1101 3325 1266 3404 ordinem,
1299 3346 1339 3389 ex
1367 3325 1479 3389 causis

357 3409 423 3472 sibi
444 3409 585 3474 tertiam
611 3416 812 3494 presumant
834 3413 958 3478 tollere
983 3417 1128 3497 partem.
1174 3414 1363 3498 Propterea
1385 3434 1479 3478 nunc

356 3498 509 3580 presenti
531 3498 607 3582 lege
632 3501 865 3579 constituitur,
890 3505 931 3564 ut
954 3502 1018 3566 hec
1038 3502 1120 3566 talis
1135 3502 1290 3567 iudicum
1306 3503 1480 3586 cupiditas

356 3586 544 3665 auferatur,
570 3590 624 3651 ete
645 3609 715 3652 non
738 3590 885 3675 amplius
905 3591 1010 3655 iudex
1029 3613 1092 3676 pro
1107 3591 1225 3655 labore
1250 3612 1311 3655 suo
1335 3594 1370 3655 et
1393 3591 1480 3654 iudi·

357 3677 435 3738 cata
458 3695 560 3740 causa
590 3677 655 3741 hac
685 3677 840 3761 legitime
869 3678 1069 3757 deliberata,
1099 3700 1211 3763 quam,
1243 3681 1333 3744 sicut
1357 3681 1481 3744 consti-

355 3765 472 3826 tutum
502 3764 618 3829 iuerat
647 3765 684 3828 in
708 3767 784 3851 lege
807 3763 948 3851 priorid,
972 3769 1198 3833 vicensimum
1228 3769 1377 3833 solidum
1407 3789 1480 3853 pre·

356 3855 470 3915 sumat
497 3854 662 3938 accipere.
710 3854 811 3933 Quod
841 3857 871 3920 si
899 3877 1114 3940 quacumque
1144 3858 1267 3922 fraude
1299 3858 1480 3940 quisquam

357 3961 458 4024 super
492 3942 584 4007 hunc
617 3964 798 4008 numerum
828 3945 906 4030 plus
937 3946 1073 4010 anferre
1103 3947 1316 4023 temtaverit,
1352 3947 1479 4020 omnia,

355 4048 421 4111 que
444 4029 599 4113 legitime
616 4032 783 4097 debuerat
799 4035 962 4119 accipere,
988 4035 1121 4119 perdat.
1169 4035 1257 4098 Illut
1273 4056 1362 4111 vero,
1387 4036 1481 4118 quod

355 4117 482 4182 iniuste
518 4123 638 4184 contra
672 4122 775 4186 huius
810 4122 896 4206 legis
931 4123 1087 4188 ordinem
1123 4144 1225 4208 super
1253 4124 1481 4188 vicensimum

356 4206 504 4270 solidum
524 4208 656 4288 tulerit,
682 4210 827 4296 duplum
843 4211 897 4275 illi
913 4211 1058 4291 exolvat,
1084 4213 1140 4276 cui
1163 4214 1228 4277 hoc
1253 4213 1383 4277 auferri
1407 4233 1480 4296 pre·

462 4382 484 4430 c)
497 4378 553 4422 dare
566 4382 616 4425 Bt.
682 4383 843 4432 olntentione
856 4385 906 4428 121.
973 4388 996 4435 g)
1011 4385 1138 4424 consultum
1152 4386 1202 4427 121.
1276 4385 1300 4435 h)
1314 4385 1417 4435 recipere
1431 4387 1480 4428 121.

355 4432 371 4481 1)
385 4429 419 4471 1111
433 4434 480 4478 121.
534 4435 559 4486 k)
572 4436 611 4476 illc
624 4437 671 4481 Rl.
725 4437 741 4485 l)
755 4438 892 4488 protulerint
905 4438 954 4482 112.
1008 4441 1038 4488 m)
1052 4439 1109 4478 deest
1122 4439 1169 4480 121.
1224 4441 1248 4487 n)
1262 4438 1306 4478 hoc
1320 4439 1480 4482 1111111131.

355 4487 376 4533 o)
392 4486 520 4528 testimoqu
533 4489 582 4532 112.
636 4493 660 4539 p)
674 4491 771 4539 primum
785 4493 834 4534 121.
889 4493 912 4540 q)
926 4495 1020 4541 accepto
1035 4492 1125 4541 negotio
1139 4496 1244 4540 promant
1257 4493 1306 4535 121.

460 4541 556 4588 XXIIII.
596 4544 752 4591 (1)(11111112.
814 4546 837 4594 b)
851 4543 968 4593 quomodls
982 4546 1030 4588 121.
1091 4546 1183 4594 1)(11111
1196 4546 1244 4588 31.
1306 4544 1330 4594 (1)
1343 4546 1417 4595 prima
1431 4546 1481 4589 121.
