3198 5202
324 539 402 594 LEX
419 538 535 596 VISIG.
553 538 823 596 REOOIISSVIND.
859 539 959 610 vnn,
979 544 1045 610 1,1.
1065 545 1091 598 2.
1219 546 1271 600 261

171 722 299 785 XIIII.
335 721 372 786 Si
400 742 516 786 servus
543 722 681 805 fugiens
704 742 740 787 se
764 743 836 786 esse
858 724 1048 788 mentiatur
1071 724 1270 807 ingenuum.

221 811 297 873 XV.
334 810 387 875 De
403 810 466 885 his,
491 830 558 893 que
580 830 697 875 servus
713 810 851 894 fugiens
868 812 1055 894 adquisisse
1071 813 1269 877 videaturm.

202 899 298 962 XVI.
334 899 387 962 De
417 899 485 976 his,
517 899 601 981 quin
632 903 814 983 perventos
845 920 959 965 servos
990 902 1136 965 dominis
1166 902 1270 965 reforv

333 1007 425 1052 mare
450 989 685 1051 contemnunt.

179 1075 296 1139 XVII.
333 1075 369 1139 si
391 1076 562 1178 ingenuus
582 1076 638 1140 vel
661 1096 777 1140 servus
801 1077 952 1141 latrones
977 1077 1136 1142 celandos
1161 1099 1269 1142 susce-

157 1252 295 1315 XVIII.
332 1166 512 1316 lllnlrldex
539 1273 617 1316 cum
644 1253 803 1317 omnibus
825 1235 946 1331 rebus,¹
968 1275 1046 1318 cum
1069 1255 1194 1336 quibus
1217 1255 1268 1318 fu·

331 1341 502 1494 giqliqveqmo
541 1342 750 1417 inveneritl,
787 1341 925 1405 domino
963 1343 1161 1466 advenienti
1196 1365 1267 1426 pre-

574 1546 597 1602 1.
628 1546 840 1616 Auamma.

194 1658 237 1722 Si
266 1659 483 1742 ingenuus
511 1658 580 1722 vel
608 1679 758 1723 servus
786 1659 1026 1742 fugitivum
1054 1660 1221 1724 celasse

542 1748 866 1830 repperiantur.

255 1853 314 1916 Si¹
344 1846 444 1937 quisb
476 1854 646 1937 ingenuus
676 1853 883 1936 fugitivum⁰
914 1854 1063 1918 celatum
1093 1855 1264 1932 habuerit,

146 1941 255 2005 alium
283 1942 374 2026 paris
402 1942 518 2006 meriti
541 1963 619 2006 cum
643 1942 764 2006 eodem
787 1963 922 2006 servum
946 1943 1085 2006 domino
1108 1943 1190 2008 dare
1215 1965 1265 2008 co·

148 2033 260 2114 gatar.
315 2030 351 2093 si
380 2051 461 2094 vero
492 2051 608 2094 servus
643 2031 716 2094 sine
747 2026 1018 2096 conscientiamd
1052 2031 1182 2095 domini
1212 2033 1265 2096 sui

144 2118 334 2202 fugitivum
358 2119 530 2196 celaverit,
560 2119 649 2183 servi
672 2118 773 2183 ambo
797 2119 934 2203 publice
959 2123 1104 2184 centena
1127 2120 1266 2203 flagella

144 2208 352 2292 suscipIant3
379 2207 536 2271 dominus
559 2228 639 2271 vero
663 2208 755 2272 eiuse
784 2208 873 2271 nihil
897 2208 1013 2271 damni
1036 2209 1214 2273 sustineat.
1307 2246 1316 2261 =-

563 2359 601 2416 11.
633 2359 845 2429 auricula.

191 2472 235 2534 Si
261 2472 484 2556 fugitivus
506 2473 682 2536 vinctus
710 2493 979 2554 quocumque
1009 2473 1219 2556 ligamine

568 2561 836 2625 absolvatur.

253 2667 290 2731 Si
324 2668 400 2751 quis
434 2688 569 2732 servum
604 2667 754 2731 alienum
791 2669 828 2731 in
862 2668 947 2751 fuga
981 2668 1131 2751 lapsum,
1170 2666 1264 2732 ferro

140 2757 299 2819 vinctum
330 2760 390 2819 aut
420 2757 457 2818 in
480 2776 694 2839 quocumque
717 2756 880 2839 ligamine
904 2751 1132 2820 constitutum
1156 2755 1263 2820 absol·

141 2845 242 2921 verIt,
274 2865 336 2929 pro
365 2845 598 2928 presumtione
628 2865 691 2908 sua
720 2845 779 2927 qui
806 2845 872 2908 hoc
895 2844 1018 2910 fecerit
1042 2844 1101 2908 det
1125 2844 1263 2908 domino

142 2934 232 2997 servi
256 2933 383 2997 solidos
407 2939 444 2994 X.
492 2933 631 2998 sivero
659 2954 729 2996 non
757 2933 926 3012 habuerit,
958 2932 1051 2996 uude
1079 2935 1260 3016 conponat,

141 3043 164 3084 a
193 3022 308 3086 iudice
339 3032 360 3086 0
389 3021 528 3104 flagella
562 3021 726 3106 suscipiat
757 3024 792 3086 et
822 3041 957 3086 servum
990 3020 1163 3103 requirere
1196 3022 1261 3085 hac

144 3111 283 3173 domino
312 3110 495 3174 restituere
524 3131 595 3174 non
625 3113 787 3174 moretur.
836 3108 988 3188 Quodsi
1012 3130 1090 3173 eum
1113 3130 1183 3172 non
1206 3130 1262 3192 po·

139 3199 251 3263 tuerit
269 3198 432 3275 invenire,
458 3202 519 3261 aut
535 3218 670 3262 servum
686 3198 817 3281 equalis
833 3198 948 3262 meriti
964 3198 1102 3262 domino
1118 3198 1261 3261 reddere

142 3280 232 3350 nonb
260 3280 451 3364 moreturl’,
476 3290 537 3350 aut
561 3288 589 3351 si
612 3308 682 3351 non
705 3287 876 3364 habuerit,
900 3287 973 3370 ipse
997 3285 1173 3350 subiaceat
1197 3305 1261 3350 ser-

141 3374 255 3452 vituti,
280 3375 343 3454 illi,
368 3376 465 3440 cuius
488 3395 624 3439 servum
647 3376 823 3453 laxaverit,
848 3375 1070 3439 addicendus.
1109 3373 1208 3452 Quod
1232 3375 1261 3437 si

141 3463 206 3527 hoc
231 3483 347 3527 servus
377 3463 500 3529 fecerit
523 3464 596 3528 sine
621 3464 751 3528 domini
773 3464 974 3539 volumtate,
1004 3483 1118 3527 coram
1146 3462 1259 3526 iudice

140 3551 318 3634 dflagella
341 3552 515 3636 suscipiat.
562 3552 608 3616 Ilt
632 3553 660 3616 si
682 3552 819 3616 vinctus
842 3551 989 3616 inveniri
1011 3571 1081 3615 non
1097 3551 1258 3634 potuerit,

139 3644 292 3717 servus⁰,
317 3641 377 3723 qui
400 3640 511 3717 solvit,
536 3642 696 3704 tradatur
719 3641 756 3704 in
772 3641 911 3705 servitio
936 3639 1066 3704 domini
1080 3639 1258 3702 vinculati.

142 3726 434 3812 Quandocumque
462 3724 600 3792 autem‘¹
627 3729 685 3812 qui
708 3729 845 3793 vinctus
868 3729 995 3793 fuerit⁰
1024 3728 1184 3792 inventus
1208 3748 1259 3791 ex·

138 3817 262 3893 titerit,
294 3817 433 3881 domino
462 3817 679 3895 reformetur,
711 3821 746 3882 ct
777 3818 878 3881 datus
907 3837 970 3900 pro
1000 3836 1041 3880 eo
1069 3837 1185 3880 servus
1216 3817 1259 3879 ad

247 3969 445 4019 m)vldctur132.
494 3974 518 4021 u)
533 3983 576 4020 que
590 3973 637 4014 121.
687 3970 710 4023 0)
724 3972 843 4021 fugitibum
858 3971 906 4014 Ra.
956 3973 980 4022 p)
994 3971 1079 4020 reliqua
1092 3971 1260 4018 rumesperc

138 4024 196 4062 Μ
210 4024 265 4119 mi.
306 4079 328 4125 a)
342 4079 399 4116 aaut
413 4078 460 4120 aa.
528 4079 551 4126 o)
565 4079 621 4118 aaa
634 4079 681 4121 ιιι.
742 4080 763 4127 (ι.)
777 4078 897 4127 nannum
911 4077 959 4120 aa.
1021 4073 1045 4123 u)
1059 4076 1197 4116 conuentu
1211 4075 1259 4118 aa

139 4131 162 4178 e)
176 4130 237 4170 servi
252 4131 305 4182 1323
321 4132 369 4170 elus
384 4131 445 4170 sai-vl
458 4131 507 4174 El.
1245 4157 1248 4162 -

138 4237 161 4284 e)
175 4209 219 4275 m
233 4184 281 4279 31Ιῖ
311 4186 333 4231 a)
347 4185 404 4224 dccet
418 4184 466 4228 122.
514 4182 537 4231 b)
552 4184 699 4234 compellatur
713 4184 761 4227 Ra.
803 4186 823 4232 c)
838 4180 930 4232 quidem
944 4183 995 4226 add.
1009 4182 1059 4226 Μ.
1106 4178 1129 4229 (1)
1143 4182 1199 4220 dccet
1212 4181 1259 4223 121.

141 4358 167 4425 1)
192 4360 233 4425 Cf.
259 4376 318 4411 cum
342 4361 392 4413 hac
418 4361 471 4427 leae
495 4367 520 4413 et
543 4361 709 4428 sequentibus
729 4361 761 4415 L.
781 4361 856 4415 Rom.
876 4361 930 4414 Via.
954 4360 981 4414 0.
1004 4359 1054 4412 Th.
1077 4358 1107 4423 V,
1131 4360 1156 4422 9,
1180 4359 1204 4410 1.
1227 4359 1259 4418 2,-

139 4431 191 4485 Ed.
209 4431 335 4486 Ilreoder.
360 4433 405 4488 80.
423 4434 543 4499 848qq.;
570 4432 603 4486 L.
623 4433 709 4498 Bury.
729 4433 754 4486 6.
772 4433 823 4493 39,·
849 4431 883 4486 L.
902 4431 978 4485 Rom.
997 4430 1085 4494 Bury.
1104 4429 1138 4489 6,·
1166 4426 1256 4491 Dahn,

140 4502 249 4567 ‘vasa
268 4502 355 4556 stud?
371 4520 399 4570 p.
416 4505 472 4558 214
482 4519 520 4570 sq.
