<?xml version="1.0" encoding="UTF-8"?>
<!DOCTYPE html PUBLIC "-//W3C//DTD XHTML 1.0 Transitional//EN"
    "http://www.w3.org/TR/xhtml1/DTD/xhtml1-transitional.dtd">
<html xmlns="http://www.w3.org/1999/xhtml" xml:lang="en" lang="en">
 <head>
  <title>
</title>
<meta http-equiv="Content-Type" content="text/html;charset=utf-8" />
  <meta name='ocr-system' content='tesseract 3.04.00' />
  <meta name='ocr-capabilities' content='ocr_page ocr_carea ocr_par ocr_line ocrx_word'/>
</head>
<body>
  <div class='ocr_page' id='page_1' title='image "./legesvisigothor00gaudgoog_0124.png"; bbox 0 0 3218 5202; ppageno 0'>
   <div class='ocr_carea' id='block_1_1' title="bbox 240 525 1223 614">
    <p class='ocr_par' dir='ltr' id='par_1_1' title="bbox 240 525 1223 614">
     <span class='ocr_line' id='line_1_1' title="bbox 240 525 1223 614; baseline 0.002 -32"><span class='ocrx_word' id='word_1_1' title='bbox 240 609 242 614; x_wconf 14' lang='grc' dir='ltr'>Ι</span> <span class='ocrx_word' id='word_1_2' title='bbox 300 530 336 583; x_wconf 79' lang='lat' dir='ltr'>aa</span> <span class='ocrx_word' id='word_1_3' title='bbox 505 525 583 582; x_wconf 85' lang='lat' dir='ltr'>mx</span> <span class='ocrx_word' id='word_1_4' title='bbox 600 525 717 584; x_wconf 79' lang='lat' dir='ltr'>vrsm.</span> <span class='ocrx_word' id='word_1_5' title='bbox 735 525 1003 584; x_wconf 80' lang='lat' dir='ltr'>mecassvnvn.</span> <span class='ocrx_word' id='word_1_6' title='bbox 1040 525 1096 594; x_wconf 88' lang='lat'>111,</span> <span class='ocrx_word' id='word_1_7' title='bbox 1115 531 1140 596; x_wconf 91' lang='lat'>1,</span> <span class='ocrx_word' id='word_1_8' title='bbox 1154 529 1179 584; x_wconf 74' lang='lat' dir='ltr'>v.</span> <span class='ocrx_word' id='word_1_9' title='bbox 1197 529 1223 584; x_wconf 84' lang='lat' dir='ltr'>s.</span> 
     </span>
    </p>
   </div>
   <div class='ocr_carea' id='block_1_2' title="bbox 717 703 1001 774">
    <p class='ocr_par' dir='ltr' id='par_1_2' title="bbox 717 703 1001 774">
     <span class='ocr_line' id='line_1_2' title="bbox 717 703 1001 774; baseline 0.004 -14"><span class='ocrx_word' id='word_1_10' title='bbox 717 703 784 760; x_wconf 88' lang='lat' dir='ltr'>VH.</span> <span class='ocrx_word' id='word_1_11' title='bbox 814 703 869 758; x_wconf 82' lang='lat' dir='ltr'>AN</span> <span class='ocrx_word' id='word_1_12' title='bbox 870 703 1001 774; x_wconf 78' lang='lat' dir='ltr'>TIQUA.</span> 
     </span>
    </p>
   </div>
   <div class='ocr_carea' id='block_1_3' title="bbox 301 815 1422 990">
    <p class='ocr_par' dir='ltr' id='par_1_3' title="bbox 301 815 1422 990">
     <span class='ocr_line' id='line_1_3' title="bbox 301 815 1422 900; baseline -0.002 -21"><span class='ocrx_word' id='word_1_13' title='bbox 301 815 358 879; x_wconf 88' lang='lat' dir='ltr'>Ut</span> <span class='ocrx_word' id='word_1_14' title='bbox 395 819 521 900; x_wconf 89' lang='lat' dir='ltr'>patre</span> <span class='ocrx_word' id='word_1_15' title='bbox 563 819 732 881; x_wconf 90' lang='lat' dir='ltr'>mortuo</span> <span class='ocrx_word' id='word_1_16' title='bbox 775 817 1007 900; x_wconf 92' lang='lat' dir='ltr'>utriusque</span> <span class='ocrx_word' id='word_1_17' title='bbox 1051 837 1177 882; x_wconf 88' lang='lat' dir='ltr'>sexus</span> <span class='ocrx_word' id='word_1_18' title='bbox 1219 815 1422 879; x_wconf 86' lang='lat' dir='ltr'>filiorum</span> 
     </span>
     <span class='ocr_line' id='line_1_4' title="bbox 344 904 1374 990; baseline -0.002 -22"><span class='ocrx_word' id='word_1_19' title='bbox 344 905 602 969; x_wconf 88' lang='lat' dir='ltr'>coniunctio</span> <span class='ocrx_word' id='word_1_20' title='bbox 631 905 676 968; x_wconf 92' lang='lat' dir='ltr'>in</span> <span class='ocrx_word' id='word_1_21' title='bbox 705 906 857 970; x_wconf 89' lang='lat' dir='ltr'>matris</span> <span class='ocrx_word' id='word_1_22' title='bbox 888 908 1115 990; x_wconf 73' lang='lat' dir='ltr'>potestate</span> <span class='ocrx_word' id='word_1_23' title='bbox 1146 904 1374 970; x_wconf 79' lang='lat' dir='ltr'>consistat.</span> 
     </span>
    </p>
   </div>
   <div class='ocr_carea' id='block_1_4' title="bbox 299 1009 1421 1361">
    <p class='ocr_par' dir='ltr' id='par_1_4' title="bbox 299 1009 1421 1361">
     <span class='ocr_line' id='line_1_5' title="bbox 405 1009 1421 1094; baseline -0.001 -21"><span class='ocrx_word' id='word_1_24' title='bbox 405 1009 532 1074; x_wconf 82' lang='lat' dir='ltr'>Patre1</span> <span class='ocrx_word' id='word_1_25' title='bbox 574 1014 710 1075; x_wconf 88' lang='lat' dir='ltr'>mortuo</span> <span class='ocrx_word' id='word_1_26' title='bbox 756 1011 936 1094; x_wconf 84' lang='lat' dir='ltr'>utriusque</span> <span class='ocrx_word' id='word_1_27' title='bbox 981 1015 1105 1075; x_wconf 71' lang='lat' dir='ltr'>serusa</span> <span class='ocrx_word' id='word_1_28' title='bbox 1152 1010 1301 1074; x_wconf 88' lang='lat' dir='ltr'>filiorum</span> <span class='ocrx_word' id='word_1_29' title='bbox 1345 1030 1421 1073; x_wconf 88' lang='lat' dir='ltr'>eon-</span> 
     </span>
     <span class='ocr_line' id='line_1_6' title="bbox 299 1098 1419 1184; baseline -0.001 -23"><span class='ocrx_word' id='word_1_30' title='bbox 299 1098 430 1163; x_wconf 90' lang='lat' dir='ltr'>iunctio</span> <span class='ocrx_word' id='word_1_31' title='bbox 453 1099 490 1161; x_wconf 93' lang='lat' dir='ltr'>in</span> <span class='ocrx_word' id='word_1_32' title='bbox 506 1100 626 1163; x_wconf 90' lang='lat' dir='ltr'>matris</span> <span class='ocrx_word' id='word_1_33' title='bbox 642 1102 814 1184; x_wconf 82' lang='lat' dir='ltr'>potestate</span> <span class='ocrx_word' id='word_1_34' title='bbox 839 1101 1019 1176; x_wconf 76' lang='lat' dir='ltr'>consistat,</span> <span class='ocrx_word' id='word_1_35' title='bbox 1045 1102 1155 1164; x_wconf 88' lang='lat' dir='ltr'>matre</span> <span class='ocrx_word' id='word_1_36' title='bbox 1170 1119 1250 1164; x_wconf 91' lang='lat' dir='ltr'>vero</span> <span class='ocrx_word' id='word_1_37' title='bbox 1272 1101 1419 1175; x_wconf 90' lang='lat' dir='ltr'>mortua,</span> 
     </span>
     <span class='ocr_line' id='line_1_7' title="bbox 300 1187 1419 1272; baseline -0.001 -22"><span class='ocrx_word' id='word_1_38' title='bbox 300 1191 360 1250; x_wconf 89' lang='lat' dir='ltr'>aut</span> <span class='ocrx_word' id='word_1_39' title='bbox 384 1187 413 1250; x_wconf 89' lang='lat' dir='ltr'>si</span> <span class='ocrx_word' id='word_1_40' title='bbox 436 1188 481 1250; x_wconf 95' lang='lat' dir='ltr'>ad</span> <span class='ocrx_word' id='word_1_41' title='bbox 504 1187 590 1251; x_wconf 87' lang='lat' dir='ltr'>alias</span> <span class='ocrx_word' id='word_1_42' title='bbox 613 1189 753 1272; x_wconf 85' lang='lat' dir='ltr'>nuptias</span> <span class='ocrx_word' id='word_1_43' title='bbox 783 1188 875 1252; x_wconf 81' lang='lat' dir='ltr'>forte</span> <span class='ocrx_word' id='word_1_44' title='bbox 904 1188 1090 1264; x_wconf 90' lang='lat' dir='ltr'>transierit,</span> <span class='ocrx_word' id='word_1_45' title='bbox 1121 1189 1248 1252; x_wconf 85' lang='lat' dir='ltr'>fratres</span> <span class='ocrx_word' id='word_1_46' title='bbox 1276 1187 1419 1270; x_wconf 86' lang='lat' dir='ltr'>eligant,</span> 
     </span>
     <span class='ocr_line' id='line_1_8' title="bbox 300 1268 1421 1361; baseline 0 -23"><span class='ocrx_word' id='word_1_47' title='bbox 300 1275 355 1339; x_wconf 88' lang='lat' dir='ltr'>eui</span> <span class='ocrx_word' id='word_1_48' title='bbox 380 1268 536 1359; x_wconf 86' lang='lat' dir='ltr'>digniusb</span> <span class='ocrx_word' id='word_1_49' title='bbox 565 1297 651 1360; x_wconf 88' lang='lat' dir='ltr'>puer</span> <span class='ocrx_word' id='word_1_50' title='bbox 672 1277 728 1341; x_wconf 89' lang='lat' dir='ltr'>vel</span> <span class='ocrx_word' id='word_1_51' title='bbox 752 1277 869 1361; x_wconf 92' lang='lat' dir='ltr'>puella</span> <span class='ocrx_word' id='word_1_52' title='bbox 895 1276 1069 1360; x_wconf 87' lang='lat' dir='ltr'>iungatur.</span> <span class='ocrx_word' id='word_1_53' title='bbox 1117 1274 1218 1355; x_wconf 83' lang='lat' dir='ltr'>Quod</span> <span class='ocrx_word' id='word_1_54' title='bbox 1241 1275 1271 1338; x_wconf 91' lang='lat' dir='ltr'>si</span> <span class='ocrx_word' id='word_1_55' title='bbox 1293 1276 1421 1339; x_wconf 82' lang='lat' dir='ltr'>fratres</span> 
     </span>
    </p>
   </div>
   <div class='ocr_carea' id='block_1_5' title="bbox 297 1363 1420 2330">
    <p class='ocr_par' dir='ltr' id='par_1_5' title="bbox 297 1363 1420 2330">
     <span class='ocr_line' id='line_1_9' title="bbox 301 1363 1420 1447; baseline -0.001 -20"><span class='ocrx_word' id='word_1_56' title='bbox 301 1363 374 1427; x_wconf 90' lang='lat' dir='ltr'>eius</span> <span class='ocrx_word' id='word_1_57' title='bbox 405 1364 507 1428; x_wconf 89' lang='lat' dir='ltr'>etatis</span> <span class='ocrx_word' id='word_1_58' title='bbox 537 1385 607 1428; x_wconf 92' lang='lat' dir='ltr'>non</span> <span class='ocrx_word' id='word_1_59' title='bbox 637 1365 777 1441; x_wconf 86' lang='lat' dir='ltr'>fuerint,</span> <span class='ocrx_word' id='word_1_60' title='bbox 809 1368 849 1427; x_wconf 92' lang='lat' dir='ltr'>ut</span> <span class='ocrx_word' id='word_1_61' title='bbox 877 1386 995 1430; x_wconf 87' lang='lat' dir='ltr'>eorum</span> <span class='ocrx_word' id='word_1_62' title='bbox 1023 1365 1171 1429; x_wconf 80' lang='lat' dir='ltr'>iudicio⁰</span> <span class='ocrx_word' id='word_1_63' title='bbox 1200 1364 1325 1429; x_wconf 87' lang='lat' dir='ltr'>debeat</span> <span class='ocrx_word' id='word_1_64' title='bbox 1349 1384 1420 1447; x_wconf 89' lang='lat' dir='ltr'>ger·</span> 
     </span>
     <span class='ocr_line' id='line_1_10' title="bbox 299 1452 1420 1537; baseline 0 -22"><span class='ocrx_word' id='word_1_65' title='bbox 299 1472 419 1517; x_wconf 88' lang='lat' dir='ltr'>manus</span> <span class='ocrx_word' id='word_1_66' title='bbox 443 1455 505 1516; x_wconf 88' lang='lat' dir='ltr'>aut</span> <span class='ocrx_word' id='word_1_67' title='bbox 528 1474 691 1537; x_wconf 87' lang='lat' dir='ltr'>germana</span> <span class='ocrx_word' id='word_1_68' title='bbox 714 1453 882 1530; x_wconf 83' lang='lat' dir='ltr'>conmitti,</span> <span class='ocrx_word' id='word_1_69' title='bbox 912 1456 997 1518; x_wconf 89' lang='lat' dir='ltr'>tuno</span> <span class='ocrx_word' id='word_1_70' title='bbox 1027 1456 1172 1537; x_wconf 87' lang='lat' dir='ltr'>patruus</span> <span class='ocrx_word' id='word_1_71' title='bbox 1196 1453 1238 1517; x_wconf 93' lang='lat' dir='ltr'>de</span> <span class='ocrx_word' id='word_1_72' title='bbox 1262 1452 1420 1517; x_wconf 88' lang='lat' dir='ltr'>coniunc-</span> 
     </span>
     <span class='ocr_line' id='line_1_11' title="bbox 298 1535 1416 1626; baseline 0 -23"><span class='ocrx_word' id='word_1_73' title='bbox 298 1542 393 1605; x_wconf 89' lang='lat' dir='ltr'>tione</span> <span class='ocrx_word' id='word_1_74' title='bbox 417 1561 535 1605; x_wconf 88' lang='lat' dir='ltr'>eorum</span> <span class='ocrx_word' id='word_1_75' title='bbox 558 1542 686 1606; x_wconf 89' lang='lat' dir='ltr'>habeat</span> <span class='ocrx_word' id='word_1_76' title='bbox 709 1544 927 1626; x_wconf 88' lang='lat' dir='ltr'>potestatem.</span> <span class='ocrx_word' id='word_1_77' title='bbox 964 1540 1065 1607; x_wconf 74' lang='lat' dir='ltr'>Certe</span> <span class='ocrx_word' id='word_1_78' title='bbox 1082 1541 1111 1606; x_wconf 92' lang='lat' dir='ltr'>si</span> <span class='ocrx_word' id='word_1_79' title='bbox 1126 1560 1309 1625; x_wconf 88' lang='lat' dir='ltr'>germanus</span> <span class='ocrx_word' id='word_1_80' title='bbox 1325 1535 1416 1603; x_wconf 67' lang='lat' dir='ltr'>iamt</span> 
     </span>
     <span class='ocr_line' id='line_1_12' title="bbox 299 1628 1420 1714; baseline -0.001 -22"><span class='ocrx_word' id='word_1_81' title='bbox 299 1630 532 1694; x_wconf 87' lang='lat' dir='ltr'>adulescentie</span> <span class='ocrx_word' id='word_1_82' title='bbox 560 1631 687 1694; x_wconf 76' lang='lat' dir='ltr'>habet⁰</span> <span class='ocrx_word' id='word_1_83' title='bbox 716 1633 844 1694; x_wconf 89' lang='lat' dir='ltr'>etatem</span> <span class='ocrx_word' id='word_1_84' title='bbox 873 1633 908 1694; x_wconf 92' lang='lat' dir='ltr'>et</span> <span class='ocrx_word' id='word_1_85' title='bbox 936 1631 1168 1714; x_wconf 83' lang='lat' dir='ltr'>proximorum</span> <span class='ocrx_word' id='word_1_86' title='bbox 1190 1629 1306 1694; x_wconf 90' lang='lat' dir='ltr'>renuit</span> <span class='ocrx_word' id='word_1_87' title='bbox 1329 1628 1420 1692; x_wconf 89' lang='lat' dir='ltr'>solli·</span> 
     </span>
     <span class='ocr_line' id='line_1_13' title="bbox 299 1717 1420 1802; baseline -0.002 -20"><span class='ocrx_word' id='word_1_88' title='bbox 299 1718 497 1795; x_wconf 80' lang='lat' dir='ltr'>citudinem,</span> <span class='ocrx_word' id='word_1_89' title='bbox 527 1719 572 1781; x_wconf 89' lang='lat' dir='ltr'>sit</span> <span class='ocrx_word' id='word_1_90' title='bbox 595 1719 648 1782; x_wconf 93' lang='lat' dir='ltr'>illi</span> <span class='ocrx_word' id='word_1_91' title='bbox 672 1721 824 1802; x_wconf 87' lang='lat' dir='ltr'>potestas</span> <span class='ocrx_word' id='word_1_92' title='bbox 848 1719 1055 1802; x_wconf 87' lang='lat' dir='ltr'>condignam</span> <span class='ocrx_word' id='word_1_93' title='bbox 1077 1719 1144 1782; x_wconf 89' lang='lat' dir='ltr'>sibi</span> <span class='ocrx_word' id='word_1_94' title='bbox 1167 1717 1420 1782; x_wconf 87' lang='lat' dir='ltr'>coniunctionis</span> 
     </span>
     <span class='ocr_line' id='line_1_14' title="bbox 298 1805 1420 1891; baseline 0.002 -23"><span class='ocrx_word' id='word_1_95' title='bbox 298 1826 439 1888; x_wconf 89' lang='lat' dir='ltr'>querere</span> <span class='ocrx_word' id='word_1_96' title='bbox 475 1805 644 1890; x_wconf 85' lang='lat' dir='ltr'>copulam.</span> <span class='ocrx_word' id='word_1_97' title='bbox 702 1807 755 1872; x_wconf 90' lang='lat' dir='ltr'>De</span> <span class='ocrx_word' id='word_1_98' title='bbox 790 1807 908 1891; x_wconf 91' lang='lat' dir='ltr'>puella</span> <span class='ocrx_word' id='word_1_99' title='bbox 940 1827 1034 1884; x_wconf 91' lang='lat' dir='ltr'>vero,</span> <span class='ocrx_word' id='word_1_100' title='bbox 1071 1807 1100 1870; x_wconf 90' lang='lat' dir='ltr'>si</span> <span class='ocrx_word' id='word_1_101' title='bbox 1135 1806 1179 1869; x_wconf 90' lang='lat' dir='ltr'>ad</span> <span class='ocrx_word' id='word_1_102' title='bbox 1214 1806 1420 1890; x_wconf 90' lang='lat' dir='ltr'>petitionem</span> 
     </span>
     <span class='ocr_line' id='line_1_15' title="bbox 298 1893 1420 1978; baseline -0.002 -21"><span class='ocrx_word' id='word_1_103' title='bbox 298 1895 405 1977; x_wconf 89' lang='lat' dir='ltr'>ipsius</span> <span class='ocrx_word' id='word_1_104' title='bbox 433 1893 497 1970; x_wconf 90' lang='lat' dir='ltr'>his,</span> <span class='ocrx_word' id='word_1_105' title='bbox 529 1895 588 1976; x_wconf 88' lang='lat' dir='ltr'>qui</span> <span class='ocrx_word' id='word_1_106' title='bbox 609 1895 785 1959; x_wconf 88' lang='lat' dir='ltr'>natalibus</span> <span class='ocrx_word' id='word_1_107' title='bbox 809 1896 881 1960; x_wconf 88' lang='lat' dir='ltr'>eius</span> <span class='ocrx_word' id='word_1_108' title='bbox 903 1894 1041 1959; x_wconf 89' lang='lat' dir='ltr'>videtur</span> <span class='ocrx_word' id='word_1_109' title='bbox 1064 1894 1205 1978; x_wconf 86' lang='lat' dir='ltr'>equalis,</span> <span class='ocrx_word' id='word_1_110' title='bbox 1237 1895 1420 1958; x_wconf 88' lang='lat' dir='ltr'>accesserit</span> 
     </span>
     <span class='ocr_line' id='line_1_16' title="bbox 298 1977 1420 2067; baseline -0.002 -21"><span class='ocrx_word' id='word_1_111' title='bbox 298 1983 435 2066; x_wconf 91' lang='lat' dir='ltr'>petitor,</span> <span class='ocrx_word' id='word_1_112' title='bbox 459 1984 545 2046; x_wconf 88' lang='lat' dir='ltr'>tunc</span> <span class='ocrx_word' id='word_1_113' title='bbox 568 1986 712 2067; x_wconf 88' lang='lat' dir='ltr'>patruus</span> <span class='ocrx_word' id='word_1_114' title='bbox 737 1983 806 2047; x_wconf 89' lang='lat' dir='ltr'>sive</span> <span class='ocrx_word' id='word_1_115' title='bbox 829 1977 977 2048; x_wconf 74' lang='lat' dir='ltr'>fratresf</span> <span class='ocrx_word' id='word_1_116' title='bbox 996 2004 1074 2048; x_wconf 91' lang='lat' dir='ltr'>cum</span> <span class='ocrx_word' id='word_1_117' title='bbox 1090 1983 1254 2067; x_wconf 87' lang='lat' dir='ltr'>proximis</span> <span class='ocrx_word' id='word_1_118' title='bbox 1270 1983 1420 2066; x_wconf 90' lang='lat' dir='ltr'>parenti·</span> 
     </span>
     <span class='ocr_line' id='line_1_17' title="bbox 298 2070 1419 2156; baseline -0.001 -23"><span class='ocrx_word' id='word_1_119' title='bbox 298 2070 361 2133; x_wconf 90' lang='lat' dir='ltr'>bus</span> <span class='ocrx_word' id='word_1_120' title='bbox 386 2070 646 2153; x_wconf 76' lang='lat' dir='ltr'>conloquuntur,</span> <span class='ocrx_word' id='word_1_121' title='bbox 671 2072 700 2136; x_wconf 89' lang='lat' dir='ltr'>si</span> <span class='ocrx_word' id='word_1_122' title='bbox 721 2072 858 2136; x_wconf 70' lang='lat' dir='ltr'>velintg</span> <span class='ocrx_word' id='word_1_123' title='bbox 884 2073 1055 2156; x_wconf 87' lang='lat' dir='ltr'>suscipere</span> <span class='ocrx_word' id='word_1_124' title='bbox 1074 2071 1268 2155; x_wconf 90' lang='lat' dir='ltr'>petitorem,</span> <span class='ocrx_word' id='word_1_125' title='bbox 1293 2072 1334 2133; x_wconf 91' lang='lat' dir='ltr'>ut</span> <span class='ocrx_word' id='word_1_126' title='bbox 1358 2072 1419 2132; x_wconf 88' lang='lat' dir='ltr'>aut</span> 
     </span>
     <span class='ocr_line' id='line_1_18' title="bbox 298 2158 1419 2243; baseline -0.001 -20"><span class='ocrx_word' id='word_1_127' title='bbox 298 2159 470 2223; x_wconf 90' lang='lat' dir='ltr'>communi</span> <span class='ocrx_word' id='word_1_128' title='bbox 492 2158 672 2225; x_wconf 87' lang='lat' dir='ltr'>voluntate</span> <span class='ocrx_word' id='word_1_129' title='bbox 702 2160 899 2243; x_wconf 89' lang='lat' dir='ltr'>iungantur,</span> <span class='ocrx_word' id='word_1_130' title='bbox 931 2163 992 2223; x_wconf 87' lang='lat' dir='ltr'>aut</span> <span class='ocrx_word' id='word_1_131' title='bbox 1022 2159 1175 2223; x_wconf 89' lang='lat' dir='ltr'>omnium</span> <span class='ocrx_word' id='word_1_132' title='bbox 1205 2159 1333 2222; x_wconf 91' lang='lat' dir='ltr'>iudicio</span> <span class='ocrx_word' id='word_1_133' title='bbox 1365 2158 1419 2222; x_wconf 90' lang='lat' dir='ltr'>de·</span> 
     </span>
     <span class='ocr_line' id='line_1_19' title="bbox 297 2249 452 2330; baseline -0.006 -21"><span class='ocrx_word' id='word_1_134' title='bbox 297 2249 452 2330; x_wconf 86' lang='lat' dir='ltr'>negetur.</span> 
     </span>
    </p>
   </div>
   <div class='ocr_carea' id='block_1_6' title="bbox 705 2347 1002 2418">
    <p class='ocr_par' dir='ltr' id='par_1_6' title="bbox 705 2347 1002 2418">
     <span class='ocr_line' id='line_1_20' title="bbox 705 2347 1002 2418; baseline 0 -14"><span class='ocrx_word' id='word_1_135' title='bbox 705 2347 787 2404; x_wconf 87' lang='lat' dir='ltr'>vm.</span> <span class='ocrx_word' id='word_1_136' title='bbox 818 2347 1002 2418; x_wconf 75' lang='lat' dir='ltr'><strong>ANTIQUA.</strong></span> 
     </span>
    </p>
   </div>
   <div class='ocr_carea' id='block_1_7' title="bbox 298 2459 1419 2633">
    <p class='ocr_par' dir='ltr' id='par_1_7' title="bbox 298 2459 1419 2633">
     <span class='ocr_line' id='line_1_21' title="bbox 298 2459 1419 2544; baseline -0.002 -21"><span class='ocrx_word' id='word_1_137' title='bbox 298 2459 342 2523; x_wconf 78' lang='lat' dir='ltr'>si</span> <span class='ocrx_word' id='word_1_138' title='bbox 375 2460 541 2524; x_wconf 88' lang='lat' dir='ltr'>fratres</span> <span class='ocrx_word' id='word_1_139' title='bbox 579 2461 759 2544; x_wconf 88' lang='lat' dir='ltr'>nuptias</span> <span class='ocrx_word' id='word_1_140' title='bbox 798 2460 948 2544; x_wconf 88' lang='lat' dir='ltr'>puelle</span> <span class='ocrx_word' id='word_1_141' title='bbox 987 2460 1226 2536; x_wconf 84' lang='lat' dir='ltr'>differant,</span> <span class='ocrx_word' id='word_1_142' title='bbox 1267 2461 1343 2522; x_wconf 88' lang='lat' dir='ltr'>aut</span> <span class='ocrx_word' id='word_1_143' title='bbox 1383 2459 1419 2522; x_wconf 88' lang='lat' dir='ltr'>si</span> 
     </span>
     <span class='ocr_line' id='line_1_22' title="bbox 426 2547 1287 2633; baseline -0.001 -23"><span class='ocrx_word' id='word_1_144' title='bbox 426 2547 576 2631; x_wconf 87' lang='lat' dir='ltr'>puella</span> <span class='ocrx_word' id='word_1_145' title='bbox 605 2549 814 2633; x_wconf 90' lang='lat' dir='ltr'>inpudice</span> <span class='ocrx_word' id='word_1_146' title='bbox 844 2549 1023 2633; x_wconf 87' lang='lat' dir='ltr'>nuptias</span> <span class='ocrx_word' id='word_1_147' title='bbox 1053 2549 1287 2632; x_wconf 87' lang='lat' dir='ltr'>presumat.</span> 
     </span>
    </p>
   </div>
   <div class='ocr_carea' id='block_1_8' title="bbox 259 2653 1419 4230">
    <p class='ocr_par' dir='ltr' id='par_1_8' title="bbox 259 2653 1419 4230">
     <span class='ocr_line' id='line_1_23' title="bbox 403 2653 1418 2739; baseline -0.004 -21"><span class='ocrx_word' id='word_1_148' title='bbox 403 2653 589 2718; x_wconf 71' lang='lat' dir='ltr'>ethaeros</span> <span class='ocrx_word' id='word_1_149' title='bbox 612 2656 751 2739; x_wconf 87' lang='lat' dir='ltr'>nuptias</span> <span class='ocrx_word' id='word_1_150' title='bbox 775 2653 890 2738; x_wconf 89' lang='lat' dir='ltr'>puelle</span> <span class='ocrx_word' id='word_1_151' title='bbox 915 2654 977 2718; x_wconf 88' lang='lat' dir='ltr'>sub</span> <span class='ocrx_word' id='word_1_152' title='bbox 1002 2675 1043 2720; x_wconf 89' lang='lat' dir='ltr'>ea</span> <span class='ocrx_word' id='word_1_153' title='bbox 1066 2654 1263 2720; x_wconf 88' lang='lat' dir='ltr'>conditione</span> <span class='ocrx_word' id='word_1_154' title='bbox 1280 2672 1418 2736; x_wconf 89' lang='lat' dir='ltr'>suspen·</span> 
     </span>
     <span class='ocr_line' id='line_1_24' title="bbox 297 2742 1418 2826; baseline -0.001 -21"><span class='ocrx_word' id='word_1_155' title='bbox 297 2743 391 2819; x_wconf 87' lang='lat' dir='ltr'>dant,</span> <span class='ocrx_word' id='word_1_156' title='bbox 420 2746 461 2807; x_wconf 91' lang='lat' dir='ltr'>ut</span> <span class='ocrx_word' id='word_1_157' title='bbox 483 2743 528 2806; x_wconf 90' lang='lat' dir='ltr'>ad</span> <span class='ocrx_word' id='word_1_158' title='bbox 551 2744 735 2807; x_wconf 68' lang='lat' dir='ltr'>maritum³</span> <span class='ocrx_word' id='word_1_159' title='bbox 762 2743 824 2808; x_wconf 89' lang='lat' dir='ltr'>illa</span> <span class='ocrx_word' id='word_1_160' title='bbox 847 2743 1059 2826; x_wconf 85' lang='lat' dir='ltr'>confugiens,</span> <span class='ocrx_word' id='word_1_161' title='bbox 1088 2743 1186 2806; x_wconf 78' lang='lat' dir='ltr'>iuxta</span> <span class='ocrx_word' id='word_1_162' title='bbox 1207 2742 1321 2825; x_wconf 87' lang='lat' dir='ltr'>legem</span> <span class='ocrx_word' id='word_1_163' title='bbox 1344 2761 1418 2824; x_wconf 90' lang='lat' dir='ltr'>por·</span> 
     </span>
     <span class='ocr_line' id='line_1_25' title="bbox 296 2829 1418 2916; baseline -0.003 -22"><span class='ocrx_word' id='word_1_164' title='bbox 296 2831 425 2894; x_wconf 90' lang='lat' dir='ltr'>tionem</span> <span class='ocrx_word' id='word_1_165' title='bbox 455 2832 547 2896; x_wconf 89' lang='lat' dir='ltr'>inter</span> <span class='ocrx_word' id='word_1_166' title='bbox 569 2832 696 2896; x_wconf 88' lang='lat' dir='ltr'>fratres</span> <span class='ocrx_word' id='word_1_167' title='bbox 720 2851 798 2896; x_wconf 90' lang='lat' dir='ltr'>suos</span> <span class='ocrx_word' id='word_1_168' title='bbox 822 2831 986 2896; x_wconf 87' lang='lat' dir='ltr'>debonis</span> <span class='ocrx_word' id='word_1_169' title='bbox 1010 2834 1192 2916; x_wconf 90' lang='lat' dir='ltr'>parentum</span> <span class='ocrx_word' id='word_1_170' title='bbox 1214 2851 1286 2894; x_wconf 94' lang='lat' dir='ltr'>non</span> <span class='ocrx_word' id='word_1_171' title='bbox 1309 2829 1418 2913; x_wconf 90' lang='lat' dir='ltr'>possit</span> 
     </span>
     <span class='ocr_line' id='line_1_26' title="bbox 297 2917 1416 3043; baseline -0.002 -61"><span class='ocrx_word' id='word_1_172' title='bbox 297 2920 460 3043; x_wconf 83' lang='lat' dir='ltr'>accipere,</span> <span class='ocrx_word' id='word_1_173' title='bbox 485 2923 522 2984; x_wconf 89' lang='lat' dir='ltr'>et</span> <span class='ocrx_word' id='word_1_174' title='bbox 544 2919 596 2983; x_wconf 90' lang='lat' dir='ltr'>bis</span> <span class='ocrx_word' id='word_1_175' title='bbox 621 2922 682 2983; x_wconf 90' lang='lat' dir='ltr'>aut</span> <span class='ocrx_word' id='word_1_176' title='bbox 703 2921 809 2984; x_wconf 89' lang='lat' dir='ltr'>tertio</span> <span class='ocrx_word' id='word_1_177' title='bbox 831 2920 1040 2985; x_wconf 81' lang='lat' dir='ltr'>removerint</span> <span class='ocrx_word' id='word_1_178' title='bbox 1063 2920 1263 3004; x_wconf 88' lang='lat' dir='ltr'>petitorem:</span> <span class='ocrx_word' id='word_1_179' title='bbox 1288 2917 1416 3002; x_wconf 89' lang='lat' dir='ltr'>puella,</span> 
     </span>
     <span class='ocr_line' id='line_1_27' title="bbox 296 3005 1417 3092; baseline -0.001 -23"><span class='ocrx_word' id='word_1_180' title='bbox 296 3027 362 3090; x_wconf 89' lang='lat' dir='ltr'>que</span> <span class='ocrx_word' id='word_1_181' title='bbox 390 3059 396 3085; x_wconf 98' lang='lat'>,</span> <span class='ocrx_word' id='word_1_182' title='bbox 420 3009 568 3071; x_wconf 81' lang='lat' dir='ltr'>fratrum</span> <span class='ocrx_word' id='word_1_183' title='bbox 585 3008 777 3072; x_wconf 91' lang='lat' dir='ltr'>calliditate</span> <span class='ocrx_word' id='word_1_184' title='bbox 800 3011 1013 3092; x_wconf 61' lang='lat' dir='ltr'>prespectal,</span> <span class='ocrx_word' id='word_1_185' title='bbox 1038 3008 1221 3072; x_wconf 72' lang='lat' dir='ltr'>marituma</span> <span class='ocrx_word' id='word_1_186' title='bbox 1241 3005 1417 3069; x_wconf 88' lang='lat' dir='ltr'>natalibus</span> 
     </span>
     <span class='ocr_line' id='line_1_28' title="bbox 297 3095 1418 3179; baseline -0.001 -22"><span class='ocrx_word' id='word_1_187' title='bbox 297 3096 366 3158; x_wconf 89' lang='lat' dir='ltr'>suis</span> <span class='ocrx_word' id='word_1_188' title='bbox 397 3096 553 3178; x_wconf 87' lang='lat' dir='ltr'>equalem</span> <span class='ocrx_word' id='word_1_189' title='bbox 584 3097 770 3162; x_wconf 87' lang='lat' dir='ltr'>crediderit</span> <span class='ocrx_word' id='word_1_190' title='bbox 801 3097 1045 3179; x_wconf 84' lang='lat' dir='ltr'>expetendum,</span> <span class='ocrx_word' id='word_1_191' title='bbox 1080 3099 1165 3159; x_wconf 89' lang='lat' dir='ltr'>tunc</span> <span class='ocrx_word' id='word_1_192' title='bbox 1194 3095 1367 3178; x_wconf 88' lang='lat' dir='ltr'>integram</span> <span class='ocrx_word' id='word_1_193' title='bbox 1398 3115 1418 3156; x_wconf 89' lang='lat' dir='ltr'>a</span> 
     </span>
     <span class='ocr_line' id='line_1_29' title="bbox 296 3178 1418 3269; baseline 0 -24"><span class='ocrx_word' id='word_1_194' title='bbox 296 3179 472 3261; x_wconf 78' lang='lat' dir='ltr'>fratribus,</span> <span class='ocrx_word' id='word_1_195' title='bbox 500 3204 566 3267; x_wconf 87' lang='lat' dir='ltr'>que</span> <span class='ocrx_word' id='word_1_196' title='bbox 591 3185 622 3247; x_wconf 94' lang='lat' dir='ltr'>ei</span> <span class='ocrx_word' id='word_1_197' title='bbox 646 3185 688 3249; x_wconf 89' lang='lat' dir='ltr'>de</span> <span class='ocrx_word' id='word_1_198' title='bbox 712 3187 895 3269; x_wconf 88' lang='lat' dir='ltr'>parentum</span> <span class='ocrx_word' id='word_1_199' title='bbox 918 3182 1112 3248; x_wconf 87' lang='lat' dir='ltr'>hereditate</span> <span class='ocrx_word' id='word_1_200' title='bbox 1135 3178 1316 3260; x_wconf 68' lang='lat' dir='ltr'>debeturt,</span> <span class='ocrx_word' id='word_1_201' title='bbox 1345 3201 1418 3266; x_wconf 90' lang='lat' dir='ltr'>per·</span> 
     </span>
     <span class='ocr_line' id='line_1_30' title="bbox 296 3270 1418 3355; baseline -0.002 -22"><span class='ocrx_word' id='word_1_202' title='bbox 296 3271 402 3354; x_wconf 87' lang='lat' dir='ltr'>cipiat</span> <span class='ocrx_word' id='word_1_203' title='bbox 432 3273 636 3355; x_wconf 86' lang='lat' dir='ltr'>portionem.</span> <span class='ocrx_word' id='word_1_204' title='bbox 683 3270 783 3351; x_wconf 83' lang='lat' dir='ltr'>Quod</span> <span class='ocrx_word' id='word_1_205' title='bbox 806 3273 835 3335; x_wconf 91' lang='lat' dir='ltr'>si</span> <span class='ocrx_word' id='word_1_206' title='bbox 858 3293 994 3336; x_wconf 88' lang='lat' dir='ltr'>rursum</span> <span class='ocrx_word' id='word_1_207' title='bbox 1023 3272 1112 3335; x_wconf 89' lang='lat' dir='ltr'>nihil</span> <span class='ocrx_word' id='word_1_208' title='bbox 1142 3272 1268 3335; x_wconf 85' lang='lat' dir='ltr'>fratres</span> <span class='ocrx_word' id='word_1_209' title='bbox 1296 3272 1418 3334; x_wconf 88' lang='lat' dir='ltr'>contra</span> 
     </span>
     <span class='ocr_line' id='line_1_31' title="bbox 296 3360 1417 3435; baseline -0.003 -13"><span class='ocrx_word' id='word_1_210' title='bbox 296 3379 446 3424; x_wconf 90' lang='lat' dir='ltr'>sororem</span> <span class='ocrx_word' id='word_1_211' title='bbox 476 3360 688 3424; x_wconf 88' lang='lat' dir='ltr'>meditentur</span> <span class='ocrx_word' id='word_1_212' title='bbox 719 3361 899 3424; x_wconf 87' lang='lat' dir='ltr'>adversum</span> <span class='ocrx_word' id='word_1_213' title='bbox 930 3363 965 3423; x_wconf 91' lang='lat' dir='ltr'>et</span> <span class='ocrx_word' id='word_1_214' title='bbox 994 3361 1123 3424; x_wconf 89' lang='lat' dir='ltr'>idcirco</span> <span class='ocrx_word' id='word_1_215' title='bbox 1153 3361 1340 3435; x_wconf 89' lang='lat' dir='ltr'>morentur,</span> <span class='ocrx_word' id='word_1_216' title='bbox 1377 3361 1417 3420; x_wconf 92' lang='lat' dir='ltr'>ut</span> 
     </span>
     <span class='ocr_line' id='line_1_32' title="bbox 296 3446 1416 3531; baseline 0 -22"><span class='ocrx_word' id='word_1_217' title='bbox 296 3449 404 3510; x_wconf 90' lang='lat' dir='ltr'>sorori</span> <span class='ocrx_word' id='word_1_218' title='bbox 419 3447 623 3530; x_wconf 84' lang='lat' dir='ltr'>provideant</span> <span class='ocrx_word' id='word_1_219' title='bbox 639 3448 839 3531; x_wconf 89' lang='lat' dir='ltr'>digniorem,</span> <span class='ocrx_word' id='word_1_220' title='bbox 865 3450 900 3512; x_wconf 89' lang='lat' dir='ltr'>et</span> <span class='ocrx_word' id='word_1_221' title='bbox 922 3448 985 3513; x_wconf 91' lang='lat' dir='ltr'>illa</span> <span class='ocrx_word' id='word_1_222' title='bbox 1007 3449 1199 3512; x_wconf 89' lang='lat' dir='ltr'>honestatis</span> <span class='ocrx_word' id='word_1_223' title='bbox 1218 3467 1279 3510; x_wconf 87' lang='lat' dir='ltr'>sue</span> <span class='ocrx_word' id='word_1_224' title='bbox 1295 3446 1416 3522; x_wconf 90' lang='lat' dir='ltr'>oblita,</span> 
     </span>
     <span class='ocr_line' id='line_1_33' title="bbox 295 3534 1417 3620; baseline 0.002 -24"><span class='ocrx_word' id='word_1_225' title='bbox 295 3553 439 3618; x_wconf 89' lang='lat' dir='ltr'>persone</span> <span class='ocrx_word' id='word_1_226' title='bbox 469 3555 529 3599; x_wconf 88' lang='lat' dir='ltr'>sue</span> <span class='ocrx_word' id='word_1_227' title='bbox 558 3555 629 3598; x_wconf 94' lang='lat' dir='ltr'>non</span> <span class='ocrx_word' id='word_1_228' title='bbox 659 3537 814 3620; x_wconf 86' lang='lat' dir='ltr'>cogitans</span> <span class='ocrx_word' id='word_1_229' title='bbox 844 3539 987 3613; x_wconf 89' lang='lat' dir='ltr'>statum,</span> <span class='ocrx_word' id='word_1_230' title='bbox 1024 3537 1068 3599; x_wconf 91' lang='lat' dir='ltr'>ad</span> <span class='ocrx_word' id='word_1_231' title='bbox 1097 3536 1297 3599; x_wconf 81' lang='lat' dir='ltr'>inferiorem</span> <span class='ocrx_word' id='word_1_232' title='bbox 1324 3534 1417 3598; x_wconf 82' lang='lat' dir='ltr'>forte</span> 
     </span>
     <span class='ocr_line' id='line_1_34' title="bbox 296 3622 1417 3708; baseline 0.002 -24"><span class='ocrx_word' id='word_1_233' title='bbox 296 3622 458 3685; x_wconf 88' lang='lat' dir='ltr'>maritum</span> <span class='ocrx_word' id='word_1_234' title='bbox 481 3623 692 3700; x_wconf 73' lang='lat' dir='ltr'>devenerit0,</span> <span class='ocrx_word' id='word_1_235' title='bbox 721 3624 914 3708; x_wconf 91' lang='lat' dir='ltr'>portionem</span> <span class='ocrx_word' id='word_1_236' title='bbox 937 3645 1042 3701; x_wconf 88' lang='lat' dir='ltr'>suam,</span> <span class='ocrx_word' id='word_1_237' title='bbox 1075 3625 1145 3689; x_wconf 92' lang='lat' dir='ltr'>sive</span> <span class='ocrx_word' id='word_1_238' title='bbox 1173 3623 1318 3686; x_wconf 88' lang='lat' dir='ltr'>divisam</span> <span class='ocrx_word' id='word_1_239' title='bbox 1346 3622 1417 3686; x_wconf 92' lang='lat' dir='ltr'>sive</span> 
     </span>
     <span class='ocr_line' id='line_1_35' title="bbox 259 3711 1417 3796; baseline 0.004 -28"><span class='ocrx_word' id='word_1_240' title='bbox 259 3763 260 3766; x_wconf 73' lang='grc'>,</span> <span class='ocrx_word' id='word_1_241' title='bbox 295 3730 365 3772; x_wconf 91' lang='lat' dir='ltr'>non</span> <span class='ocrx_word' id='word_1_242' title='bbox 396 3711 548 3788; x_wconf 88' lang='lat' dir='ltr'>divisam,</span> <span class='ocrx_word' id='word_1_243' title='bbox 580 3731 683 3792; x_wconf 90' lang='lat' dir='ltr'>quam</span> <span class='ocrx_word' id='word_1_244' title='bbox 713 3713 755 3776; x_wconf 94' lang='lat' dir='ltr'>de</span> <span class='ocrx_word' id='word_1_245' title='bbox 786 3712 955 3776; x_wconf 85' lang='lat' dir='ltr'>facultate</span> <span class='ocrx_word' id='word_1_246' title='bbox 986 3715 1168 3796; x_wconf 87' lang='lat' dir='ltr'>parentum</span> <span class='ocrx_word' id='word_1_247' title='bbox 1194 3712 1313 3774; x_wconf 82' lang='lat' dir='ltr'>fuerat</span> <span class='ocrx_word' id='word_1_248' title='bbox 1341 3731 1417 3774; x_wconf 88' lang='lat' dir='ltr'>oon·</span> 
     </span>
     <span class='ocr_line' id='line_1_36' title="bbox 296 3793 1418 3876; baseline 0 -16"><span class='ocrx_word' id='word_1_249' title='bbox 296 3800 468 3876; x_wconf 87' lang='lat' dir='ltr'>secutura,</span> <span class='ocrx_word' id='word_1_250' title='bbox 505 3799 654 3863; x_wconf 86' lang='lat' dir='ltr'>amittat.</span> <span class='ocrx_word' id='word_1_251' title='bbox 708 3800 752 3863; x_wconf 92' lang='lat' dir='ltr'>In</span> <span class='ocrx_word' id='word_1_252' title='bbox 786 3793 960 3863; x_wconf 74' lang='lat' dir='ltr'>fratrumf</span> <span class='ocrx_word' id='word_1_253' title='bbox 992 3820 1073 3864; x_wconf 90' lang='lat' dir='ltr'>vero</span> <span class='ocrx_word' id='word_1_254' title='bbox 1109 3803 1144 3864; x_wconf 96' lang='lat' dir='ltr'>et</span> <span class='ocrx_word' id='word_1_255' title='bbox 1176 3819 1332 3863; x_wconf 91' lang='lat' dir='ltr'>sororum</span> <span class='ocrx_word' id='word_1_256' title='bbox 1361 3798 1418 3863; x_wconf 93' lang='lat' dir='ltr'>vel</span> 
     </span>
     <span class='ocr_line' id='line_1_37' title="bbox 295 3881 1419 3971; baseline -0.001 -21"><span class='ocrx_word' id='word_1_257' title='bbox 295 3885 441 3950; x_wconf 90' lang='lat' dir='ltr'>aliorum</span> <span class='ocrx_word' id='word_1_258' title='bbox 470 3890 654 3971; x_wconf 87' lang='lat' dir='ltr'>parentum</span> <span class='ocrx_word' id='word_1_259' title='bbox 684 3887 913 3952; x_wconf 89' lang='lat' dir='ltr'>hereditatem</span> <span class='ocrx_word' id='word_1_260' title='bbox 942 3888 1159 3970; x_wconf 87' lang='lat' dir='ltr'>ingrediendi</span> <span class='ocrx_word' id='word_1_261' title='bbox 1182 3881 1233 3952; x_wconf 82' lang='lat' dir='ltr'>eib</span> <span class='ocrx_word' id='word_1_262' title='bbox 1262 3885 1419 3951; x_wconf 89' lang='lat' dir='ltr'>concedi-</span> 
     </span>
     <span class='ocr_line' id='line_1_38' title="bbox 295 3977 614 4057; baseline 0 -21"><span class='ocrx_word' id='word_1_263' title='bbox 295 3993 371 4036; x_wconf 89' lang='lat' dir='ltr'>mus</span> <span class='ocrx_word' id='word_1_264' title='bbox 395 3977 614 4057; x_wconf 84' lang='lat' dir='ltr'>potestatem.</span> 
     </span>
     <span class='ocr_line' id='line_1_39' title="bbox 295 4125 1419 4230; baseline -0.001 -10"><span class='ocrx_word' id='word_1_265' title='bbox 295 4181 317 4228; x_wconf 86' lang='lat' dir='ltr'>e)</span> <span class='ocrx_word' id='word_1_266' title='bbox 331 4128 469 4220; x_wconf 51' lang='lat' dir='ltr'>habaalrlllt&#39;t</span> <span class='ocrx_word' id='word_1_267' title='bbox 492 4132 515 4177; x_wconf 51' lang='lat' dir='ltr'>a)</span> <span class='ocrx_word' id='word_1_268' title='bbox 530 4127 673 4229; x_wconf 51' lang='grc' dir='ltr'>ὃθχῖΐωΙΞΙΜ</span> <span class='ocrx_word' id='word_1_269' title='bbox 693 4183 716 4230; x_wconf 75' lang='lat' dir='ltr'>g)</span> <span class='ocrx_word' id='word_1_270' title='bbox 729 4125 861 4220; x_wconf 45' lang='lat' dir='ltr'>&#39;lgitdlgqus</span> <span class='ocrx_word' id='word_1_271' title='bbox 870 4129 951 4222; x_wconf 43' lang='lat' dir='ltr'>vilelllnt</span> <span class='ocrx_word' id='word_1_272' title='bbox 964 4132 1010 4220; x_wconf 66' lang='lat' dir='ltr'>Rq)</span> <span class='ocrx_word' id='word_1_273' title='bbox 1024 4127 1133 4169; x_wconf 46' lang='lat' dir='ltr'>indiam</span> <span class='ocrx_word' id='word_1_274' title='bbox 1146 4130 1192 4172; x_wconf 51' lang='lat' dir='ltr'>m·</span> <span class='ocrx_word' id='word_1_275' title='bbox 1261 4127 1284 4178; x_wconf 68' lang='lat' dir='ltr'>d)</span> <span class='ocrx_word' id='word_1_276' title='bbox 1298 4131 1357 4169; x_wconf 40' lang='lat' dir='ltr'>dem</span> <span class='ocrx_word' id='word_1_277' title='bbox 1371 4131 1419 4173; x_wconf 57' lang='lat' dir='ltr'>BL</span> 
     </span>
    </p>
   </div>
   <div class='ocr_carea' id='block_1_9' title="bbox 295 4231 1419 4335">
    <p class='ocr_par' dir='ltr' id='par_1_9' title="bbox 295 4231 1419 4335">
     <span class='ocr_line' id='line_1_40' title="bbox 401 4231 1419 4285; baseline 0.002 -12"><span class='ocrx_word' id='word_1_278' title='bbox 401 4234 464 4276; x_wconf 82' lang='lat' dir='ltr'>VIII.</span> <span class='ocrx_word' id='word_1_279' title='bbox 504 4236 526 4282; x_wconf 80' lang='lat' dir='ltr'>a)</span> <span class='ocrx_word' id='word_1_280' title='bbox 541 4234 622 4273; x_wconf 78' lang='lat' dir='ltr'>marito</span> <span class='ocrx_word' id='word_1_281' title='bbox 636 4233 683 4274; x_wconf 70' lang='lat'>121.</span> <span class='ocrx_word' id='word_1_282' title='bbox 757 4234 780 4282; x_wconf 89' lang='lat' dir='ltr'>b)</span> <span class='ocrx_word' id='word_1_283' title='bbox 794 4234 850 4272; x_wconf 74' lang='lat' dir='ltr'>deest</span> <span class='ocrx_word' id='word_1_284' title='bbox 864 4235 910 4277; x_wconf 60' lang='lat'>131.</span> <span class='ocrx_word' id='word_1_285' title='bbox 978 4237 998 4283; x_wconf 90' lang='lat' dir='ltr'>c)</span> <span class='ocrx_word' id='word_1_286' title='bbox 1012 4237 1044 4272; x_wconf 81' lang='lat' dir='ltr'>tta</span> <span class='ocrx_word' id='word_1_287' title='bbox 1058 4235 1133 4277; x_wconf 62' lang='lat' dir='ltr'>RH.</span> <span class='ocrx_word' id='word_1_288' title='bbox 1203 4231 1227 4285; x_wconf 85' lang='lat' dir='ltr'>d)</span> <span class='ocrx_word' id='word_1_289' title='bbox 1241 4231 1357 4275; x_wconf 79' lang='lat' dir='ltr'>debentur</span> <span class='ocrx_word' id='word_1_290' title='bbox 1371 4236 1419 4279; x_wconf 70' lang='lat'>121.</span> 
     </span>
     <span class='ocr_line' id='line_1_41' title="bbox 295 4283 778 4335; baseline 0.002 -9"><span class='ocrx_word' id='word_1_291' title='bbox 295 4288 316 4334; x_wconf 88' lang='lat' dir='ltr'>e)</span> <span class='ocrx_word' id='word_1_292' title='bbox 330 4283 450 4327; x_wconf 78' lang='lat' dir='ltr'>advenerit</span> <span class='ocrx_word' id='word_1_293' title='bbox 464 4288 510 4330; x_wconf 72' lang='grc' dir='ltr'>ΕΙ.</span> <span class='ocrx_word' id='word_1_294' title='bbox 563 4288 582 4335; x_wconf 78' lang='lat' dir='ltr'>f)</span> <span class='ocrx_word' id='word_1_295' title='bbox 595 4287 717 4326; x_wconf 73' lang='lat' dir='ltr'>fratrorum</span> <span class='ocrx_word' id='word_1_296' title='bbox 731 4286 778 4328; x_wconf 84' lang='lat' dir='ltr'>Bl.</span> 
     </span>
    </p>
   </div>
   <div class='ocr_carea' id='block_1_10' title="bbox 290 4408 1419 4548">
    <p class='ocr_par' dir='ltr' id='par_1_10' title="bbox 290 4408 1419 4548">
     <span class='ocr_line' id='line_1_42' title="bbox 295 4408 1419 4478; baseline 0 -15"><span class='ocrx_word' id='word_1_297' title='bbox 295 4408 322 4476; x_wconf 87' lang='lat'>1)</span> <span class='ocrx_word' id='word_1_298' title='bbox 340 4408 382 4473; x_wconf 77' lang='lat' dir='ltr'>Of.</span> <span class='ocrx_word' id='word_1_299' title='bbox 395 4409 467 4476; x_wconf 78' lang='lat' dir='ltr'>Rive,</span> <span class='ocrx_word' id='word_1_300' title='bbox 483 4411 525 4464; x_wconf 58' lang='grc' dir='ltr'>(θ.</span> <span class='ocrx_word' id='word_1_301' title='bbox 538 4412 564 4464; x_wconf 88' lang='lat' dir='ltr'>d.</span> <span class='ocrx_word' id='word_1_302' title='bbox 579 4410 615 4464; x_wconf 91' lang='lat' dir='ltr'>D.</span> <span class='ocrx_word' id='word_1_303' title='bbox 628 4408 865 4470; x_wconf 77' lang='lat' dir='ltr'>Vormundechaft’</span> <span class='ocrx_word' id='word_1_304' title='bbox 880 4409 903 4474; x_wconf 85' lang='lat' dir='ltr'>I,</span> <span class='ocrx_word' id='word_1_305' title='bbox 921 4428 949 4477; x_wconf 86' lang='lat' dir='ltr'>p.</span> <span class='ocrx_word' id='word_1_306' title='bbox 961 4411 1015 4464; x_wconf 79' lang='lat'>254</span> <span class='ocrx_word' id='word_1_307' title='bbox 1027 4426 1079 4478; x_wconf 79' lang='lat' dir='ltr'>sq.,·</span> <span class='ocrx_word' id='word_1_308' title='bbox 1097 4411 1188 4476; x_wconf 75' lang='lat' dir='ltr'>Data,</span> <span class='ocrx_word' id='word_1_309' title='bbox 1204 4411 1314 4476; x_wconf 60' lang='lat' dir='ltr'>‘Westffi</span> <span class='ocrx_word' id='word_1_310' title='bbox 1328 4411 1419 4466; x_wconf 68' lang='lat' dir='ltr'>stud!</span> 
     </span>
     <span class='ocr_line' id='line_1_43' title="bbox 290 4480 1215 4548; baseline 0.003 -16"><span class='ocrx_word' id='word_1_311' title='bbox 290 4497 320 4547; x_wconf 79' lang='lat' dir='ltr'>p.</span> <span class='ocrx_word' id='word_1_312' title='bbox 335 4480 394 4534; x_wconf 81' lang='lat'>128.</span> <span class='ocrx_word' id='word_1_313' title='bbox 424 4481 465 4534; x_wconf 84' lang='lat' dir='ltr'>Dc</span> <span class='ocrx_word' id='word_1_314' title='bbox 481 4483 580 4534; x_wconf 79' lang='lat' dir='ltr'>matris</span> <span class='ocrx_word' id='word_1_315' title='bbox 597 4496 679 4548; x_wconf 76' lang='lat' dir='ltr'>super</span> <span class='ocrx_word' id='word_1_316' title='bbox 696 4480 768 4544; x_wconf 78' lang='lat' dir='ltr'>filios</span> <span class='ocrx_word' id='word_1_317' title='bbox 782 4485 909 4545; x_wconf 77' lang='lat' dir='ltr'>potestate</span> <span class='ocrx_word' id='word_1_318' title='bbox 926 4481 960 4544; x_wconf 82' lang='lat' dir='ltr'>cf.</span> <span class='ocrx_word' id='word_1_319' title='bbox 979 4481 1057 4545; x_wconf 79' lang='lat' dir='ltr'>infra</span> <span class='ocrx_word' id='word_1_320' title='bbox 1075 4481 1094 4532; x_wconf 91' lang='lat' dir='ltr'><strong><em>I</em></strong></span> <span class='ocrx_word' id='word_1_321' title='bbox 1095 4482 1130 4547; x_wconf 76' lang='lat' dir='ltr'>V,</span> <span class='ocrx_word' id='word_1_322' title='bbox 1145 4484 1170 4546; x_wconf 88' lang='lat'>3,</span> <span class='ocrx_word' id='word_1_323' title='bbox 1191 4483 1215 4534; x_wconf 89' lang='lat'>3.</span> 
     </span>
    </p>
   </div>
   <div class='ocr_carea' id='block_1_11' title="bbox 0 0 1614 5202">
    <p class='ocr_par' dir='ltr' id='par_1_11' title="bbox 0 0 1614 5202">
     <span class='ocr_line' id='line_1_44' title="bbox 0 0 1614 5202; baseline 0 1"><span class='ocrx_word' id='word_1_324' title='bbox 0 0 1614 5202; x_wconf 95' lang='lat' dir='ltr'> </span> 
     </span>
    </p>
   </div>
  </div>
 </body>
</html>
