3214 5198
326 557 379 611 356
546 551 602 614 ΙΠ.
638 550 760 606 INDEX
778 549 917 606 RERUM
935 549 984 605 ET
1003 547 1229 606 VERBORUM.

362 729 511 799 ingenuum
531 727 650 782 vendere
668 731 775 796 8.153;
794 727 869 796 inge·
942 729 1003 782 241.
1016 730 1077 782 246.
1090 730 1158 794 273;
1178 725 1243 780 levis
1262 727 1279 782 i.
1300 729 1367 795 1943
1386 743 1451 797 gra·

363 817 447 866 uuus,
476 800 523 868 qui
551 817 579 852 se
606 799 689 854 vendi
714 798 871 867 permiserit
932 808 989 852 'ves
1007 798 1122 851 iniuriae
1142 801 1202 854 139.
1220 801 1282 854 202.

365 875 482 939 10.153;
495 871 645 940 ingenuum
656 870 796 923 hominem
807 886 870 937 cap·
906 869 1051 922 iniuriosus
1071 872 1130 925 171.
1150 873 1211 924 271.

364 943 451 997 tivum
479 947 527 994 aut
553 941 582 994 in
610 941 682 994 iame
710 957 870 1010 oppressum
906 940 1034 993 iniustus:
1053 939 1185 992 iniustum
1196 939 1327 992 iudicium
1340 943 1388 1008 563
1408 939 1449 991 in-

364 1029 456 1068 emere
473 1016 539 1081 3193
558 1013 575 1069 i.
591 1011 714 1082 plagiare
730 1015 790 1067 215.
803 1013 870 1079 2103
942 1011 1013 1064 iusta
1031 1011 1128 1079 petitio
1148 1015 1194 1078 623
1213 1011 1328 1064 iniustus
1346 1010 1450 1079 petitor

364 1084 464 1152 filium,
492 1083 577 1138 filiam
604 1083 716 1152 ingenui
741 1082 871 1152 plagium,
943 1085 985 1137 63.
1004 1085 1065 1138 286.
1092 1111 1126 1121 -
1145 1081 1243 1134 iniuste
1261 1081 1381 1134 iudicare
1400 1085 1448 1149 51;

365 1155 512 1209 sollicitare
543 1157 611 1223 2143
642 1153 792 1223 ingenuum
820 1153 871 1206 sibi
942 1153 1042 1206 iniuste
1067 1152 1103 1206 ad
1124 1152 1254 1220 principis
1273 1156 1450 1221 conspectum

365 1242 473 1280 servum
493 1225 620 1279 addicere
637 1225 707 1278 velle
726 1227 786 1281 169.
806 1227 871 1291 17ος
943 1224 1097 1292 conpellere
1116 1228 1158 1279 62.

365 1298 500 1366 ingenuus
523 1297 558 1349 ad
580 1295 721 1350 servitium
739 1294 871 1362 repetitus
906 1293 1023 1348 inlesus:
1054 1293 1217 1363 scripturam
1247 1294 1361 1346 inlesam
1392 1310 1451 1346 esse

367 1372 434 1436 170;
452 1368 469 1423 i.
489 1368 517 1420 in
530 1371 631 1420 statum
650 1383 729 1419 suum
746 1365 872 1419 reductus
944 1364 1089 1419 adfirmare
1107 1367 1150 1422 85.

369 1442 435 1508 153;
460 1437 571 1508 ingenui
596 1438 730 1507 ingenuus
748 1436 873 1490 adsertor
908 1436 1039 1490 inlicitus:
1053 1436 1157 1490 inlicita
1166 1435 1256 1490 lacere
1269 1435 1451 1501 committere,

368 1513 415 1579 68;
433 1510 568 1578 ingenuus
580 1508 662 1562 homo
681 1509 710 1561 iu
728 1525 777 1560 sua
795 1511 873 1576 pote·
945 1507 1053 1575 operari
1076 1511 1137 1564 207.
1160 1509 1222 1563 208.
1245 1511 1311 1575 227;
1335 1506 1369 1560 de
1393 1512 1452 1559 tur-

367 1585 437 1634 state
455 1580 577 1634 consistit
597 1582 637 1635 13.
659 1582 723 1646 1493
741 1579 758 1634 i.
777 1578 807 1632 in
825 1595 872 1646 pa·
943 1579 1024 1646 pibus
1033 1581 1061 1631 et
1073 1578 1182 1631 inlicitis
1194 1578 1276 1631 rebus
1285 1582 1396 1645 pactum
1406 1581 1451 1634 80.

367 1651 482 1706 trociuio
508 1654 567 1707 178.
592 1653 653 1706 227.
672 1653 741 1718 228;
768 1650 799 1716 1.,
826 1649 874 1716 qui
908 1648 1037 1702 inluster:
1071 1665 1189 1717 pemeus
1222 1649 1320 1702 nobilis
1351 1655 1379 1701 et
1409 1649 1452 1701 in-

367 1722 451 1790 filius,
474 1726 600 1792 nepotes,
628 1726 791 1789 pronepotes
817 1737 872 1773 non
944 1720 1030 1773 luster
1049 1723 1116 1789 1903
1141 1720 1246 1773 nobiles
1269 1724 1297 1773 et
1322 1720 1452 1772 inlustres

367 1794 516 1862 reliquerit,
535 1791 652 1846 faciendi
668 1791 702 1845 de
718 1793 799 1844 rebus
819 1791 873 1843 suis
944 1795 1040 1861 gentes
1057 1795 1118 1848 299.
1273 1849 1277 1854 ,

368 1864 500 1934 quidquid
512 1863 631 1918 voluerit
642 1863 780 1916 licentiam
790 1862 874 1915 habet
909 1862 1065 1915 inmissores
1082 1865 1277 1930 tempestatum
1297 1865 1356 1917 182.

370 1941 437 2005 133;
455 1935 507 1988 viri
524 1934 638 2003 ingenui
655 1934 701 2002 qui
718 1933 807 2003 regias
826 1950 874 1986 an·
909 1933 1040 1986 inmunis:
1060 1934 1094 1986 ab
1113 1933 1248 1986 calumnia
1265 1932 1416 2000 repetentis
1435 1933 1452 1988 i.

369 2007 444 2061 cillas
473 2007 517 2059 vel
548 2006 742 2072 cuiuscumque
771 2004 875 2057 habent
947 2007 1011 2072 1673
1039 2021 1055 2056 a
1079 2004 1175 2057 mortis
1199 2003 1320 2072 periculo
1339 2003 1356 2060 i.
1384 2007 1453 2071 1783

370 2078 510 2146 copulatas
520 2080 567 2145 953
578 2076 692 2130 ancillae
699 2075 764 2128 viris
776 2073 874 2128 fraude
946 2076 980 2128 ab
999 2075 1133 2128 sententia
1151 2075 1168 2130 i.
1190 2079 1248 2130 114.

370 2148 531 2202 coniunctae
547 2151 594 2215 97;
613 2147 760 2215 ingenuam
773 2147 874 2214 absque
910 2145 1046 2200 inmutare
1063 2146 1243 2198 volumtatem
1263 2149 1305 2202 12.
1325 2148 1386 2201 148.

369 2219 445 2288 regio
463 2218 538 2271 iussu
549 2218 684 2272 violenter
697 2216 761 2270 dare
775 2217 874 2270 marito
910 2217 1040 2270 innocens
1067 2220 1126 2273 180.
1150 2220 1211 2273 205.
1231 2220 1283 2272 217
1290 2233 1296 2284 3
1322 2216 1339 2271 1.
1359 2233 1454 2270 servus

371 2293 430 2346 101.
451 2292 517 2357 102;
543 2289 642 2342 mulier
659 2289 779 2358 ingenua
796 2305 875 2341 servo
948 2291 1088 2355 178.188;
1107 2287 1269 2355 adprobatio
1285 2287 1356 2340 servi
1374 2289 1454 2340 inno·

370 2361 460 2415 alieno
485 2377 513 2412 se
539 2360 706 2429 coniungens
724 2362 774 2428 943
799 2359 875 2428 inge·
946 2359 1032 2412 centis
1052 2362 1117 2424 179;
1136 2359 1266 2412 innocens
1285 2359 1455 2426 adprobatur

369 2449 425 2486 uua
458 2431 557 2486 mulier
585 2431 645 2485 viro
675 2448 703 2483 se
740 2430 875 2484 adulterio
947 2433 1012 2496 2053
1032 2429 1166 2498 adprobat
1182 2447 1210 2482 se
1223 2433 1454 2483 autsacramento

369 2503 485 2556 miscens
514 2504 580 2571 1053
610 2520 647 2558 m.
674 2502 691 2558 i.
720 2517 798 2554 servo
826 2517 875 2553 suo
947 2505 995 2553 aut
1007 2500 1120 2553 testibus
1132 2501 1306 2554 innocentem
1318 2504 1385 2569 209;
1404 2517 1454 2553 suo

369 2575 414 2629 vel
437 2574 549 2643 proprio
567 2573 666 2626 liberto
691 2589 720 2624 se
742 2573 771 2625 in
790 2571 874 2626 adult.
948 2588 976 2625 se
999 2576 1168 2624 sacramento
1193 2572 1367 2624 innocentem
1392 2571 1456 2624 red-

369 2647 486 2699 miscens
500 2648 550 2713 94;
569 2660 661 2697 servus
679 2643 709 2696 in
720 2642 786 2712 tuga
803 2643 876 2710 posi·
947 2643 1012 2696 dere
1032 2646 1091 2698 177.

370 2721 414 2768 tus
432 2716 484 2769 sibi
501 2715 645 2769 mulierem
666 2714 813 2784 ingenuam
831 2731 875 2766 eo·
911 2713 1067 2766 innocentia
1086 2713 1203 2766 accusati
1221 2717 1282 2769 203.

332 2827 334 2832 .
369 2787 467 2856 pulans
480 2790 546 2854 266;
563 2786 711 2855 ingenuam
723 2802 819 2853 rapere
832 2787 874 2840 98.
911 2785 1003 2850 innox,
1022 2784 1149 2836 innoxius
1170 2787 1229 2840 170.
1250 2788 1309 2841 179.
1328 2787 1390 2839 213.

372 2862 509 2925 100.101;
529 2857 633 2908 domini
651 2873 742 2909 servos
761 2873 823 2909 suos
835 2856 875 2907 in-
911 2855 1038 2908 inoffensi
1055 2855 1112 2922 filii,
1131 2857 1244 2923 nepotes
1265 2858 1323 2911 138.

371 2945 474 3010 genuus
493 2944 550 2980 1111
568 2928 731 2980 mentientes
750 2931 799 2996 963
811 2943 875 3008 Ι111-
912 2926 1275 3008 111161111111111111111111
1297 2925 1455 2993 relinquere

370 3015 638 3126 ttttgtttbt?
651 3001 875 3138 {stultius
947 2997 1455 3136 303133213333131

372 3159 434 3194 rum
457 3157 587 3209 personas
606 3141 722 3194 subdere
740 3139 876 3206 questioni
911 3139 1044 3207 inpressio
1062 3139 1191 3207 principis
1210 3141 1252 3194 39.

373 3216 439 3280 1763
470 3212 605 3280 ingenuus
636 3211 737 3278 absque
764 3210 877 3262 infamia
912 3210 1032 3278 inruptio
1048 3226 1101 3278 pro
1119 3209 1283 3278 interruptio
1302 3213 1363 3265 286.

371 3283 485 3336 verbera
509 3282 581 3335 ferat
606 3285 672 3350 109;
698 3281 778 3336 cedes
805 3282 877 3333 inter
912 3280 1060 3333 inscribere
1080 3284 1139 3336 177.
1158 3285 1219 3337 205.
1238 3285 1299 3336 213.
1319 3283 1380 3336 304.

371 3354 503 3422 ingenuos
519 3356 568 3422 76;
587 3352 667 3406 cedes
685 3352 799 3421 ingenui
812 3355 876 3420 185;
912 3351 1051 3419 inscriptio
1060 3352 1145 3404 trium
1154 3351 1265 3404 testium
1275 3352 1455 3420 suscriptione

371 3442 422 3494 pro
448 3424 571 3492 exposito
596 3423 730 3477 infantulo
757 3424 876 3492 ingenuo
947 3423 1076 3475 roborata
1103 3426 1170 3490 176;
1200 3423 1376 3490 inscriptione
1407 3422 1456 3474 ali-

372 3496 551 3564 servire1373
569 3494 727 3548 meretrices
740 3494 876 3564 ingenuae
948 3497 1030 3562 quem
1047 3493 1170 3561 inpetere
1188 3497 1248 3550 304.

373 3569 439 3634 1003
465 3565 570 3619 furtum
592 3567 627 3620 ab
645 3566 765 3635 ingenuo
782 3565 876 3618 novies
912 3564 1063 3618 insinuare:
1082 3564 1155 3632 regis
1172 3564 1307 3617 auditibus
1321 3564 1424 3631 aliquid
1436 3565 1454 3619 i.

372 3637 504 3690 sarciatur
522 3641 589 3706 2103
607 3654 630 3692 c.
649 3637 811 3705 incognitus.
950 3639 1017 3701 1143
1035 3636 1215 3688 volumtatem
1234 3635 1318 3689 servis
1336 3636 1355 3691 i.
1373 3639 1417 3691 83.

335 3709 480 3761 inhoneste
497 3708 651 3762 coniunctio
671 3711 712 3763 14.
733 3711 792 3762 147.
912 3706 1048 3759 insistere:
1065 3706 1154 3759 iudice
1167 3706 1309 3759 insistente
1322 3709 1382 3762 113.
1392 3709 1454 3762 294.

335 3779 478 3831 inimicitie
497 3782 556 3834 193.
949 3781 1009 3832 321.

335 3849 462 3902 inimicus
487 3875 518 3892 =
545 3849 643 3902 husu:
670 3848 807 3916 mancipia
833 3849 877 3900 vel
912 3847 1044 3916 inspectio
1063 3847 1248 3900 estimantium
1266 3852 1332 3914 2373
1349 3847 1367 3902 i.
1384 3848 1454 3900 iudi·

372 3918 563 3986 quodcumque
582 3920 629 3972 ab
658 3919 767 3972 inimico
796 3936 876 3972 excu-
949 3919 1069 3972 cantium
1087 3922 1149 3976 296.

371 3995 431 4043 1111
443 3993 510 4057 272;
529 3990 696 4059 mancipium
715 3991 749 4042 ab
761 3989 877 4042 inimicis
913 3989 1052 4058 inspector
1072 3992 1177 4045 3289.
1196 3993 1258 4045 290.

373 4061 517 4114 sollicitare
542 4062 576 4117 11.
602 4091 632 4100 -
652 4061 794 4114 inimicum
813 4078 877 4115 con·
913 4061 1048 4128 inspicere
1066 4060 1198 4113 damnum
1216 4064 1276 4115 234.
1296 4062 1357 4116 240.

372 4133 463 4185 silium
483 4135 541 4187 197.
913 4131 1042 4184 instantia
1066 4135 1110 4188 49.
1136 4134 1178 4187 52.
1198 4133 1241 4187 54.
1261 4134 1303 4187 70.
1324 4135 1454 4198 76.119;

335 4203 491 4272 iniungere:
510 4202 708 4256 vicissitudines
725 4218 786 4254 suas
798 4201 815 4255 i.
829 4205 877 4270 473
949 4203 1077 4255 instantia
1090 4201 1132 4254 sui
1143 4202 1243 4256 laboris
1259 4204 1309 4269 82;
1328 4201 1424 4254 iudicis
1436 4202 1454 4256 i.

372 4276 492 4328 actiones
517 4276 578 4342 (per
595 4273 766 4342 mandatum)
784 4289 877 4341 prose·
950 4277 992 4329 68.
1013 4278 1055 4330 70.
1081 4276 1123 4328 94.
1144 4276 1210 4338 102;
1236 4273 1335 4326 saionis
1359 4273 1378 4328 i.
1404 4276 1455 4340 b2;

372 4345 500 4413 quendas,
527 4342 698 4412 exequendas
723 4344 740 4398 i.
767 4348 809 4400 70.
830 4347 876 4412 71;
949 4344 967 4399 i.
985 4343 1201 4397 mensuetudinis
1218 4343 1310 4412 (regis)
1328 4346 1371 4399 52.

371 4415 558 4468 testimonium
576 4415 593 4469 i.
614 4418 655 4470 74.
913 4414 1037 4468 instituta
1055 4419 1211 4468 sanctorum
1235 4425 1370 4467 cenenum
1394 4417 1454 4478 144.

335 4487 435 4541 iniuria
453 4490 495 4542 81.
510 4489 569 4542 171Ι
584 4488 718 4542 180194.
737 4488 799 4541 216.
814 4489 876 4541 228.
913 4486 1031 4539 instituti
1049 4486 1151 4540 iudices
1170 4489 1213 4542 58.
1232 4488 1293 4541 305.
