3198 5202
308 505 361 558 286
538 501 615 555 LEX
634 501 748 557 visus.
768 501 1036 559 REOGESSVIND.
1074 503 1109 572 X,
1129 507 1154 569 2,
1173 506 1198 559 5.

309 686 526 769 expeditione
541 685 681 769 publiea
693 686 843 770 positum
856 707 928 750 esse
944 687 1147 762 eonstiterit,
1165 690 1250 749 tunc
1265 687 1369 750 iudex
1382 686 1428 762 id,

308 775 400 857 quod
416 774 615 857 reposcitur,
633 775 669 837 id
686 777 738 838 est
754 795 814 838 seu
830 775 1086 857 possessionem,
1104 777 1174 840 sive
1191 776 1429 857 quodcumque

308 863 426 938 fuerit,
451 884 513 946 pro
529 856 749 946 inruptiones
767 864 932 946 temporis
956 884 1069 927 coram
1087 865 1221 928 duobus
1241 868 1302 926 aut
1317 864 1428 926 tribus

308 952 467 1034 ingenuis
484 953 618 1034 petenti
634 951 836 1033 consignare
853 955 1027 1035 procuret;
1052 952 1103 1016 ita
1118 957 1167 1030 ut,
1194 953 1222 1014 si
1238 953 1341 1015 iudex
1356 973 1428 1015 rem

308 1042 417 1124 ipsam
442 1041 575 1122 petenti
599 1041 724 1103 saionis
748 1041 915 1104 instantia
931 1041 1123 1124 preceperit
1140 1041 1343 1123 consignari,
1369 1061 1429 1123 per

309 1129 492 1212 epistulam
523 1150 628 1191 manu
658 1149 720 1191 sua
748 1129 952 1212 suscriptum
981 1131 1128 1193 eundem
1157 1131 1308 1193 saionem
1332 1130 1429 1191 iuxta

309 1220 449 1280 modum
463 1217 636 1280 subterius
651 1218 923 1300 conprehensum
938 1218 1112 1282 informet.
1144 1218 1189 1280 Et
1206 1219 1235 1282 si
1250 1219 1341 1280 forte
1357 1238 1428 1300 pos·

309 1307 412 1369 sessio
427 1308 489 1377 est,
503 1306 564 1369 ubi
578 1306 742 1389 repositio
757 1306 901 1368 alicuius
917 1306 1110 1370 substantie
1125 1308 1179 1382 sit,
1196 1327 1241 1371 ne
1255 1327 1315 1390 per
1328 1307 1427 1368 ratio·

308 1395 404 1459 nales
424 1395 598 1458 excusatio
614 1395 684 1470 fiat,
710 1395 815 1456 anulo
838 1395 962 1458 iudicis
986 1398 1047 1458 aut
1071 1397 1206 1472 saionis,
1231 1395 1290 1477 qui
1314 1395 1428 1457 locum

309 1485 498 1565 consignat,
528 1483 648 1546 eadem
678 1483 801 1557 hostia,
833 1483 894 1547 ubi
921 1504 974 1547 res
999 1487 1051 1547 est
1074 1485 1234 1567 reposita,
1267 1505 1326 1566 per
1349 1483 1428 1546 illos

308 1575 387 1636 octo
411 1572 483 1634 dies
506 1575 696 1635 maneansss
722 1572 913 1654 obsignata,
940 1576 975 1636 et
998 1571 1067 1647 ille,
1099 1574 1158 1696 spui
1182 1573 1323 1655 accepit,
1349 1575 1427 1634 octo

307 1664 445 1724 tantum
470 1660 591 1723 diebus
614 1661 787 1743 possideat
811 1663 846 1724 et
869 1661 958 1722 nihil
982 1661 1084 1724 exind
1151 1663 1342 1744 expendere
1366 1665 1427 1722 ant

308 1753 461 1813 evertere
485 1749 540 1812 vel
565 1749 715 1812 alienare
740 1753 930 1832 presumat;
962 1751 1021 1812 sed
1053 1751 1088 1811 in
1117 1771 1156 1813 eo
1184 1753 1323 1812 tantum
1351 1749 1426 1812 loco

308 1839 400 1920 quod
422 1837 571 1902 voluerit
599 1840 660 1900 aut
688 1838 840 1920 potuerit
868 1838 995 1901 laboris
1026 1842 1191 1903 exerceat.
1238 1839 1321 1901 Post
1348 1842 1427 1901 ceto

308 1931 424 1990 autem
441 1926 513 1989 dies
529 1946 601 1989 rem
617 1927 858 1989 intemeratam
875 1926 1039 2000 dimittat,
1065 1927 1108 1990 ab
1125 1949 1174 2002 e0,
1200 1948 1301 2009 quem
1325 1927 1427 2009 possi-

309 2017 448 2079 dentem
460 2015 647 2090 invenerat,
660 2015 899 2078 indubitanter
910 2016 1244 2098 adprehendendum,
1257 2018 1292 2079 et
1304 2008 1419 2078 nullai

309 2125 350 2167 ex
373 2104 437 2165 hoc
462 2103 530 2178 ille,
563 2103 622 2185 qui
649 2105 753 2167 hocto
782 2097 880 2166 diesk
907 2104 1071 2186 possedit,
1105 2098 1294 2167 calumnia¹
1326 2105 1425 2186 perti·

309 2194 453 2265 mescat3
478 2192 529 2254 ita
551 2194 677 2265 tamen,
704 2193 731 2255 si
754 2192 810 2255 vel
834 2193 905 2275 ipse
924 2192 979 2255 vel
1003 2214 1080 2275 pars
1105 2193 1178 2256 eius
1202 2196 1262 2255 aut
1286 2192 1425 2275 posteri·

307 2285 361 2343 tas
385 2280 477 2342 infra
493 2291 576 2345 XXX
592 2301 699 2344 annos
716 2302 736 2344 a
753 2281 808 2344 die
831 2281 1018 2363 interrupti
1036 2282 1200 2364 temporis
1215 2302 1297 2358 rem,
1322 2302 1426 2362 qaam

307 2369 374 2433 sibi
408 2369 633 2451 consignari¹¹¹
668 2372 882 2453 poposcerat,
919 2370 972 2431 sui
1006 2370 1090 2432 iuris
1125 2391 1197 2433 esse
1233 2370 1423 2432 convincat.

307 2459 397 2521 Nam
422 2458 450 2519 si
474 2458 630 2521 convinci
658 2459 776 2522 eadem
806 2459 896 2521 actio
923 2458 1042 2521 taliter
1069 2479 1139 2521 non
1167 2459 1333 2541 potuerit,
1365 2458 1424 2521 ille

307 2547 459 2629 quidem,
491 2547 550 2628 qui
580 2547 768 2630 supprestis
792 2550 856 2622 est,
888 2548 947 2628 qui
976 2547 1165 2609 dominium
1196 2547 1347 2610 alienum
1377 2546 1424 2608 in-

306 2636 514 2718 quietabitl,
538 2636 590 2699 rei
613 2636 751 2699 domino
771 2635 867 2698 velut
890 2636 1039 2698 iniustus
1063 2636 1256 2699 satisfaciat
1279 2636 1421 2718 petitor;

306 2729 367 2787 aut
390 2725 419 2787 si
444 2724 575 2806 aliquid
607 2724 808 2807 expenderit
830 2725 885 2788 vel
909 2725 1080 2800 everterit,
1112 2725 1149 2786 in
1176 2724 1418 2806 quatruplum⁰

304 2814 448 2877 reddere
484 2813 709 2896 conpellatur.
768 2813 864 2875 Parti
898 2834 978 2877 vero
1017 2812 1090 2875 eius
1130 2817 1190 2875 aut
1228 2812 1423 2896 posteritati

305 2902 402 2964 nulla
426 2923 467 2965 ex
490 2903 555 2965 hoc
576 2901 721 2964 ulterius
746 2901 919 2964 calumnia
942 2904 1133 2978 marcatum
1158 2901 1220 2963 illa
1244 2901 1422 2965 evidentis·

305 2991 389 3054 sime
420 2991 620 3054 condicione
650 2993 778 3065 taxata,
810 2993 859 3062 ut,
891 2991 921 3053 si
949 2990 1158 3053 diversarum
1185 3010 1300 3053 rerum
1328 2993 1364 3053 et
1387 2989 1422 3051 in

305 3079 447 3142 diversis
470 3079 554 3142 locis
578 3080 651 3155 hec,
678 3080 720 3141 de
736 3099 804 3160 qua
820 3079 944 3160 agitur,
969 3079 1076 3142 fuerit
1092 3079 1246 3162 dispersa
1261 3078 1421 3154 facultas,

305 3187 346 3230 ex
366 3167 524 3230 omnibus
547 3160 635 3243 hish,
660 3187 727 3248 que
751 3169 795 3230 ad
811 3169 955 3230 eandem
979 3167 1155 3250 pertinent
1176 3167 1420 3250 repetitiouel,

303 3277 421 3330 unum,
446 3257 684 3338 quodcumque
707 3256 824 3330 fuerit,
856 3256 1044 3319 secundum
1068 3255 1236 3339 presentis
1259 3255 1345 3337 legis
1370 3255 1422 3318 de-

305 3348 437 3408 cretum
465 3346 692 3408 aiussionem
722 3344 846 3408 iudicis
877 3345 1115 3426 consignatum
1146 3365 1207 3427 pro
1234 3344 1422 3406 traditione

302 3437 464 3497 teneatur
487 3433 640 3496 omnium
663 3453 787 3496 rerum.

408 3677 472 3723 nita
487 3677 539 3724 RQ
554 3676 706 3724 inrumptione
721 3676 767 3718 121,
815 3679 837 3725 g)
852 3681 942 3716 maneat
955 3677 1001 3718 Rl.
1049 3677 1073 3723 h)
1087 3678 1143 3714 deest
1157 3677 1203 3718 ΕΙ.
1244 3676 1260 3723 i)
1275 3676 1359 3714 nullam
1373 3676 1393 3713 R
1403 3676 1421 3716 2.

303 3729 327 3774 k)
341 3727 420 3768 diebus
435 3729 483 3770 Ra,
537 3730 553 3777 l)
568 3730 702 3768 calumniam
716 3730 764 3772 Re.
815 3733 844 3777 m)
859 3727 938 3769 donari
954 3730 1001 3772 Rl.
1020 3749 1024 3757 ·
1048 3733 1071 3776 n)
1085 3729 1222 3777 inquietavit
1237 3729 1285 3770 122,
1332 3731 1354 3776 ο)
1369 3739 1422 3777 qua·

302 3780 378 3830 drupli
392 3784 412 3820 R
421 3783 440 3824 2.
494 3784 517 3830 p)
532 3783 690 3830 repetitionem
704 3783 725 3820 R
734 3785 753 3824 2,

304 3977 329 4042 1)
347 3979 504 4029 Rationales
522 3984 584 4029 sunt
598 3983 698 4030 amores
710 3979 750 4028 rel
759 3984 956 4044 procuratores,
973 3978 1217 4038 ‘Gutsaeruatter’,·
1236 3978 1270 4040 cf.
1283 3977 1418 4040 Brunner,

304 4048 349 4102 4Ι),
370 4049 439 4101 RG!
459 4048 497 4112 II,
515 4051 618 4115 p.120.
653 4050 682 4101 V.
702 4049 725 4103 Ι.
744 4050 781 4103 H.
801 4049 929 4101 Brunmr
948 4049 1055 4114 benique
1073 4054 1166 4114 nimut,
1191 4049 1261 4099 hune
1280 4049 1363 4098 taurm
1382 4049 1420 4098 ita

302 4135 355 4170 esse
373 4121 620 4186 interpretandum:
646 4120 818 4185 Intellipeuaii
841 4126 904 4170 sunt
928 4121 1076 4171 rationales
1096 4121 1267 4185 possessoris,
1294 4121 1342 4184 quai
1361 4124 1420 4185 post

299 4197 436 4257 peractam
455 4193 676 4258 interruptionem
699 4191 767 4242 bona
785 4193 889 4242 domini
907 4191 1021 4242 absentis
1039 4191 1259 4242 administranda
1277 4191 1362 4242 derisio
1380 4205 1420 4240 re·

301 4263 412 4326 cipiunt.
444 4262 629 4313 Substantiam
641 4267 729 4313 autem
741 4263 780 4313 ibi
791 4265 935 4327 repositam
949 4278 1002 4328 per
1013 4268 1068 4313 octo
1081 4263 1136 4312 dies
1148 4262 1211 4312 iilos
1223 4261 1363 4326 ohsipnari
1379 4261 1420 4312 lea

298 4335 440 4398 praecipit,
463 4349 496 4383 ne
514 4339 607 4398 postea
625 4334 773 4384 rationales
792 4335 823 4384 rte
840 4325 991 4384 substantia
1009 4334 1080 4396 farte
1098 4333 1230 4396 deficiente
1247 4348 1274 4382 se
1292 4337 1419 4394 recusent,

302 4405 413 4454 dicentes
426 4421 483 4454 eam
496 4404 529 4454 ab
542 4405 599 4468 itio,
617 4406 665 4468 qui
673 4420 724 4468 par
737 4411 790 4456 ouo
802 4406 857 4455 dies
870 4407 899 4455 iu
908 4406 1098 4470 possessiouem
1110 4406 1209 4454 missus
1222 4408 1287 4466 erat,
1303 4403 1419 4453 ablatam

301 4476 341 4524 aei
358 4480 538 4525 consumatum
558 4491 618 4528 esse.
656 4475 697 4538 Cf.
717 4478 796 4526 etiam
815 4476 892 4538 iufiu
911 4476 1049 4540 epistolam
1068 4475 1278 4538 informationis.
