3218 5202
333 545 411 602 1le
428 546 544 604 VISIG.
563 546 832 606 anccnssvmb.
868 547 939 617 1111,
958 552 983 616 2,
1003 551 1081 604 3-6.
1217 551 1269 606 125

148 735 233 796 tnnc
263 730 324 795 ille
353 750 508 815 persone,
539 751 605 814 que
636 734 717 794 sunt
745 751 766 794 a
793 730 900 794 latere
931 731 1129 808 constitute,
1160 731 1268 814 requi·

99 853 124 891 a.
148 823 279 897 rantur,
303 821 345 882 ut
366 818 596 884 hereditatem
614 819 797 903 accipiant.
842 818 933 882 Nam
948 818 1008 883 ille
1024 839 1177 902 persone,
1202 839 1268 902 que

149 911 230 972 sunt
253 929 274 972 a
297 906 595 991 longinquioribus
615 908 813 984 constitute,
837 907 927 970 nihil
943 927 978 971 se
995 907 1181 973 extiment⁰
1198 906 1268 971 illis

148 997 321 1082 prioribus
344 1016 443 1080 posse
465 999 631 1080 repetere.

549 1218 620 1275 nn.
651 1217 860 1290 nunquan.

148 1331 230 1411 Qui
254 1333 489 1397 succedere
512 1335 697 1416 possunt
722 1331 767 1394 in
790 1351 934 1396 eorum
956 1330 1266 1408 facultatibus,

147 1421 220 1504 qui
250 1441 327 1486 nec
355 1420 537 1504 scriptis
564 1440 641 1484 nec
667 1419 863 1484 testibus
892 1439 1007 1483 suam
1036 1412 1263 1502 adligantl’

553 1508 850 1572 volumtatem.

254 1614 309 1680 De
332 1614 603 1679 successionibus
627 1633 754 1691 eorum,
779 1613 838 1697 qui
854 1613 902 1677 sic
917 1613 1122 1691 moriuntur,
1146 1616 1187 1676 ut
1205 1609 1426 1703 nec⁶f·⁰,}{·,¹⁹“'·

148 1703 370 1768 donationem
407 1723 472 1767 nec
505 1702 618 1765 ullum
649 1702 783 1767 faciant
816 1704 1065 1766 testamentum
1098 1722 1162 1766 nec
1196 1721 1276 1786 pre*

149 1792 304 1856 sentibus
327 1792 474 1856 testibus
499 1811 595 1854 suam
619 1791 779 1855 ordinent
801 1789 1038 1868 volumtatem,
1069 1791 1129 1873 qui
1158 1791 1269 1874 gradu

148 1880 238 1944 illis⁰
265 1880 413 1964 proximi
443 1880 584 1956 fuerint,
618 1899 736 1944 eorum
766 1879 974 1944 obtinebunt
1004 1873 1267 1944 hereditatemfl.

369 2102 406 2159 V.
436 2101 605 2158 FLAVIUS
624 2098 938 2158 OHINDASVINDUS
955 2099 1044 2158 REX.

19 2203 21 2216 ’
149 2217 208 2282 De
234 2216 514 2282 successione
536 2215 725 2279 fratrum
750 2217 818 2279 et⁸
838 2234 1033 2279 sororum
1056 2214 1146 2278 sive
1171 2213 1269 2277 illo·

147 2325 253 2382 rum,
290 2305 363 2387 qui
393 2305 442 2368 de
473 2304 661 2369 diversis
691 2303 953 2388 parentibus
988 2305 1267 2386 generantur.

256 2427 325 2507 Qui
353 2428 479 2492 fratres
508 2429 749 2492 tantummodo
780 2430 816 2492 et
846 2446 978 2492 sorores
1009 2426 1197 2509 relinquid,
1232 2427 1269 2489 in

149 2517 222 2581 eius
245 2516 439 2581 hereditate
462 2516 589 2580 fratres
613 2519 648 2580 et
672 2535 803 2580 sorores
827 2514 996 2599 equaliter
1019 2514 1215 2591 succedant,
1240 2515 1270 2578 si

149 2608 267 2670 tamen
294 2604 396 2669 unius
424 2605 532 2689 patris
556 2607 591 2668 et
614 2604 734 2668 matris
757 2602 821 2667 filii
844 2624 916 2669 esse
939 2603 1132 2669 rideantur.
1178 2602 1269 2666 Nam

151 2693 179 2756 si
202 2695 245 2758 de
269 2693 337 2757 alio
360 2695 460 2777 patre
482 2685 562 2758 velb
591 2694 633 2758 de
658 2691 726 2756 alia
748 2695 859 2757 matre
889 2692 950 2756 alii
973 2712 1046 2756 esse
1068 2693 1267 2768 noscuntur,

149 2781 383 2865 unusquisque
406 2781 525 2845 fratris
548 2781 602 2845 sui
625 2784 686 2844 aut
709 2781 843 2859 sororis,
867 2781 927 2863 qui
950 2801 991 2846 ex
1014 2800 1083 2844 uno
1099 2783 1198 2864 patre
1213 2779 1269 2844 vel

20 2937 22 2950 ,
119 2924 125 2938 .
150 2890 191 2934 ex
213 2891 285 2934 una
306 2872 416 2934 matre
439 2873 521 2933 sunt
544 2869 663 2953 geniti,
687 2872 876 2952 sequantur
898 2868 1137 2934 hereditatem.

249 3091 301 3149 VI.
331 3091 499 3148 rnsvms
519 3090 734 3148 GLORIOSUS
752 3089 1061 3147 nnccnssvmnus
1079 3089 1168 3147 REX.

150 3222 193 3287 si
220 3223 304 3300 his,
333 3222 407 3305 qui
434 3222 632 3298 moritur,
662 3242 763 3286 avos
786 3220 1013 3304 relinquat
1040 3222 1115 3284 aut
1139 3220 1268 3284 avias.

256 3344 423 3424 Quotiens
453 3346 513 3428 qui
542 3345 698 3424 moritur,
730 3344 759 3408 si
782 3366 884 3410 avum
907 3349 1091 3429 paternum
1118 3347 1180 3408 aut
1202 3363 1269 3407 ma·

148 3437 286 3498 ternum
319 3434 507 3517 relinquat,
545 3437 619 3498 tam
656 3435 700 3498 ad
734 3454 837 3498 avum
870 3437 1054 3518 paternum
1087 3453 1190 3516 quam
1225 3433 1270 3496 ad

22 3567 24 3602 3
149 3527 272 3586 aaruma
305 3524 500 3587 maternum
532 3514 708 3586 hereditas
740 3522 869 3586 mortui
897 3523 1057 3586 universa
1085 3522 1268 3606 pertineat.

22 3653 23 3678 1
151 3609 187 3674 Si
209 3613 326 3675 autem
356 3611 416 3692 qui
445 3610 591 3674 moritur
620 3631 722 3675 avum
749 3613 932 3693 paternum
956 3613 991 3675 et
1014 3610 1126 3675 ariam
1149 3612 1269 3673 mater·

149 3719 229 3762 nam
258 3698 447 3782 reliquerit,
479 3698 617 3781 equales
647 3699 787 3782 capiant
816 3699 1001 3783 portiones.
1048 3698 1107 3762 Ita
1135 3716 1270 3782 quoque

23 3819 24 3824 ¹
150 3787 224 3864 erit,
256 3787 286 3850 si
308 3788 488 3871 paternam
511 3788 547 3850 et
570 3790 761 3851 maternam
784 3787 896 3850 aviam
920 3787 979 3870 qui
1002 3787 1148 3851 moritur
1170 3785 1270 3850 relin-

23 3947 24 3964 .
126 3871 252 3957 'quere
282 3867 481 3939 videaturb.
528 3874 574 3938 aa
603 3876 667 3939 hec
698 3875 837 3958 quidem
868 3875 1001 3958 equitas
1031 3874 1199 3959 portionis
1228 3874 1270 3938 de

150 3963 219 4026 illis
234 3961 336 4027 rebus
353 3963 428 4040 erit,
452 3966 538 4046 que⁰
555 3967 711 4026 mortuus
728 3963 936 4046 conquisisse
952 3963 1181 4047 cognoscitur.
1217 3961 1270 4026 De

23 4051 24 4089 ³
150 4049 218 4115 illis
240 4071 322 4116 vero
346 4051 458 4130 rebus,
490 4072 556 4134 que
586 4051 629 4114 ab
661 4051 732 4116 avis
755 4051 810 4116 vel
834 4052 1036 4135 parentibus
1061 4050 1195 4126 habuit,
1227 4050 1271 4113 ad

152 4159 229 4203 avos
253 4140 386 4204 directa
408 4139 501 4204 linea
523 4140 744 4204 revocabunt.

150 4382 153 4388 ·
255 4363 481 4412 c)cxlstlmcntB1.

255 4418 487 4466 1111.a)deost132.
528 4417 719 4467 mallianum.
756 4419 776 4466 c)
790 4417 964 4461 ssliusrranr.
1005 4414 1210 4465 d)lscultatem
1224 4415 1271 4458 Bi.

256 4471 282 4512 V.
323 4473 345 4519 a)
360 4475 383 4511 at
396 4481 498 4510 sororum
512 4472 556 4515 des,
570 4471 616 4513 ΒΞ.
669 4470 693 4519 b)
707 4479 731 4511 cr
744 4472 792 4516 ΕΙ.

255 4524 295 4567 VI.
335 4524 509 4574 a)arlumR1.
562 4521 690 4572 mvidstur
703 4525 750 4568 ΕΙ,
805 4525 825 4573 c)
839 4525 873 4562 lta
885 4523 937 4575 1323
952 4533 1011 4572 quae
1024 4523 1157 4574 E13qusm
1170 4521 1218 4565 Bl.
