3220 5212
328 554 407 608 LEX
425 553 540 611 VISIG.
558 553 827 610 REOGESSVIND.
863 554 941 622 11,1,
960 557 1003 611 22.
1022 557 1065 610 23.
1227 558 1261 612 53

25 755 27 810 l
140 759 241 801 suum
266 739 389 802 ducem
411 737 545 802 aditum
570 738 756 802 accedendi
783 738 977 822 poposcerit
1007 732 1090 801 aut‘1
1115 737 1261 804 fortasse

25 817 27 900 ᾖ
140 827 300 890 eumdem
324 827 447 890 ducem
470 829 669 910 suspectum
698 825 826 891 habere
850 827 984 902 dixerit,
1014 847 1085 890 non
1108 826 1172 890 sub
1196 827 1261 891 hac

25 905 27 930 '
140 915 319 979 occasione
342 915 471 998 petitor
494 915 559 978 hac
582 916 763 998 presertim
786 935 916 1000 pauper
939 914 1086 997 quilibet
1108 916 1262 1000 patiatur

139 1004 234 1069 ultra
263 1003 441 1068 dilatione.
488 1003 557 1068 Sed
586 1004 661 1086 ipsi,
694 1004 753 1087 qui
783 1004 939 1069 iudicant
970 1004 1042 1068 eius
1072 1004 1259 1087 negotium,

25 1067 27 1104 ²
139 1095 233 1157 unde
258 1093 409 1176 suspecti
439 1093 623 1156 dicuntur⁰
652 1092 781 1169 haberi,
813 1114 892 1156 oum
922 1092 1081 1178 episcopo
1112 1093 1261 1157 civitatis

25 1187 26 1190 ’
140 1175 206 1246 adf
233 1181 405 1264 liquidum
428 1182 617 1245 discutiant
641 1182 752 1264 adque
775 1174 1012 1265 pertractentf
1031 1186 1093 1246 etg
1111 1174 1175 1246 dell
1194 1202 1261 1265 quo

139 1271 371 1334 iudicaverint
400 1270 531 1354 pariter
557 1269 776 1334 conscribant
799 1270 1061 1353 suscribantque
1084 1271 1260 1334 iudicium.

140 1359 185 1423 Et
209 1359 270 1443 qui
293 1362 490 1443 suspectum
512 1359 663 1423 iudicem
686 1359 813 1424 habere
837 1353 890 1424 se¹
917 1359 1060 1436 dixerat,
1089 1359 1118 1423 si
1142 1362 1262 1424 contra

140 1468 220 1513 eum
244 1449 404 1532 deinceps
426 1448 534 1512 fucrit
557 1447 779 1531 querellatus,
804 1447 972 1532 conpletis
988 1448 1092 1532 prius,
1117 1469 1183 1531 que
1201 1469 1262 1532 per

140 1537 308 1600 iudicium
338 1540 472 1600 statuta
502 1541 592 1613 sunt,
625 1538 711 1602 sciat
739 1537 805 1602 sibi
829 1540 915 1622 aput
937 1537 1150 1601 audientiam
1172 1538 1262 1620 prin-

141 1627 225 1710 cipis
247 1626 422 1710 appellare
438 1620 610 1691 iudicemk
628 1645 702 1691 esse
717 1627 934 1710 permissum;
959 1627 1010 1689 ita
1032 1629 1081 1703 ut,
1107 1626 1135 1689 si
1158 1625 1262 1690 iudex

140 1715 195 1779 vel
226 1715 385 1779 sacerdos
414 1715 566 1798 repperti
595 1715 728 1780 fuerint
750 1715 910 1798 nequiter
932 1714 1110 1791 iudicasse,
1143 1718 1178 1779 et
1207 1734 1261 1779 res

140 1803 261 1868 ablata
288 1803 497 1886 querellanti
523 1805 729 1868 restituatur
752 1804 797 1867 ad
820 1805 1004 1886 integrum,
1036 1807 1071 1868 et
1094 1823 1115 1867 a
1138 1802 1261 1887 quibus

140 1893 252 1968 aliter,
284 1912 387 1974 quam
409 1893 537 1957 veritas
561 1892 694 1969 habuit,
721 1892 914 1956 iudicatum
937 1896 990 1956 est
1013 1891 1101 1955 aliut
1123 1896 1262 1956 tantum

141 1983 182 2045 de
207 1980 311 2044 rebus
334 1981 480 2064 propriis
504 1981 536 2045 ei
559 1981 605 2045 sit
619 1965 857 2045 ‘satisfactum
904 1981 1049 2046 sicerae
1073 1974 1255 2045 iniustam¹

141 2073 263 2134 eontra
291 2070 441 2134 iudicem
472 2069 661 2152 querellam
690 2069 855 2134 detulerit
882 2073 918 2134 et
942 2089 1089 2148 causam,
1122 2071 1164 2134 de
1194 2091 1263 2152 qua

140 2159 267 2241 agitur,
291 2158 380 2223 iuste
403 2159 593 2222 iudicatam
610 2159 718 2223 fuisse
743 2159 947 2237 constiterit,
973 2160 1145 2235 damnum,
1170 2159 1262 2242 quod

140 2248 244 2311 iudex
272 2247 393 2312 sortire
418 2246 549 2324 debuit,
580 2248 709 2332 petitor
739 2248 945 2312 sortiaturm.
991 2247 1037 2311 Et
1060 2249 1089 2311 si
1111 2268 1182 2311 non
1205 2248 1262 2310 ha-

140 2335 266 2414 buerit,
290 2337 383 2401 unde
407 2336 678 2420 conpositionem
701 2335 847 2414 exolvat,
873 2335 1081 2420 Ollagellisn
1102 2340 1261 2400 extensus

140 2425 279 2508 publice
303 2425 337 2488 in
363 2425 515 2489 eiusdem
537 2425 661 2490 iudicis
684 2426 892 2509 presentiam
916 2425 1126 2490 verberetur.
1171 2424 1262 2488 Nam

141 2514 188 2577 si⁰
217 2513 309 2578 forte
340 2514 519 2597 quisquam
542 2535 603 2597 pro
627 2514 844 2578 hutilitatem
866 2515 998 2597 regiam
1021 2514 1153 2597 aliquid
1176 2515 1261 2578 scire

140 2623 175 2666 se
201 2603 335 2680 dixerit,
361 2603 476 2666 aditus
500 2603 532 2667 ei
555 2603 624 2666 adp
645 2606 867 2686 conspectum
890 2606 1007 2667 nostre
1030 2603 1138 2686 glorie
1162 2603 1261 2666 dene

140 2692 215 2774 gari
237 2712 308 2755 non
330 2691 468 2775 poterit.

322 2880 435 2938 xxm.
465 2880 633 2936 nnsvms
653 2879 967 2936 OHINDASVINDUS
985 2879 1073 2939 REX.

279 2993 433 3071 Iudex,
465 2993 662 3075 qualiter
691 2993 834 3058 faciat
863 2994 1118 3058 iudicatum.

249 3116 285 3181 Si
310 3118 351 3181 de
374 3117 603 3182 facultatibus
625 3117 682 3182 vel
706 3119 747 3182 de
770 3118 872 3182 rebus
895 3118 1051 3182 maximis
1075 3119 1136 3181 aut
1156 3117 1261 3181 etiam

142 3205 254 3288 dignis
270 3207 451 3288 negotium
467 3206 628 3289 agitetur,
648 3207 761 3284 iudex,
786 3207 1002 3290 presentibus
1018 3206 1172 3289 utrisque
1188 3225 1261 3289 par

53 3283 58 3300 ’
140 3294 243 3373 tibus,
269 3296 359 3359 duoa
378 3295 507 3359 iudicia
531 3296 573 3359 de
596 3315 633 3359 re
654 3288 827 3359 discussab
848 3295 1050 3373 conscribat,
1075 3314 1141 3378 que
1157 3294 1261 3358 simili

139 3387 240 3447 textu
270 3387 306 3448 ct
336 3383 564 3468 suscriptione
593 3383 756 3448 roborata
786 3384 1001 3467 litigantium
1032 3386 1146 3468 partes
1178 3383 1261 3447 acci-

140 3472 248 3556 piant.
286 3471 388 3537 Oerte
412 3473 442 3536 si
464 3472 625 3536 derebus
649 3473 792 3537 modicis
815 3476 910 3536 mota
932 3472 1040 3538 fuerit
1064 3473 1165 3549 actio,
1190 3471 1261 3536 sole

142 3562 360 3626 condiciones
368 3559 389 3639 1,
415 3562 459 3625 ad
475 3581 559 3644 quas
575 3562 768 3639 iurantur0,
793 3565 878 3646 aput
897 3580 985 3639 eum,
1010 3562 1069 3645 qui
1084 3561 1194 3626 victor
1210 3581 1262 3624 ex-

141 3649 262 3727 titerit,
287 3671 350 3734 pro
371 3650 516 3714 hordine
539 3650 660 3714 iudieii
682 3649 888 3714 habeantur.
935 3650 988 3716 De
1004 3650 1128 3733 quibus
1144 3653 1262 3714 tamen

142 3739 401 3803 condicionibus
426 3743 461 3803 et
483 3738 553 3816 ille,
585 3741 644 3822 qui
666 3739 779 3803 victus
799 3743 860 3817 cst,
893 3738 937 3803 ab
959 3739 1088 3803 eisdem
1113 3738 1261 3802 testibus

140 3827 339 3892 roboratum
370 3828 544 3911 exemplar
573 3827 727 3893 habebit.
775 3827 876 3906 Quod
905 3827 934 3891 si
964 3848 1052 3912 pars,
1083 3822 1170 3911 quc‘1
1200 3848 1261 3911 pro

141 3917 279 3998 negotio
296 3935 511 4000 quocumque
528 3916 745 4000 conpellitur,
770 3917 924 4001 professa
939 3917 1046 3982 fuerit
1069 3919 1154 4000 aput
1176 3916 1261 3979 iudi-

248 4105 271 4155 d)
285 4107 323 4148 vel
337 4109 386 4150 122.
440 4106 644 4156 e)dlcanturR1.
697 4106 759 4156 oud
773 4107 1021 4158 -pertractentR23
1042 4107 1086 4150 oles.
1100 4107 1150 4150 Bi.
1203 4108 1225 4156 g)
1240 4110 1262 4146 et

142 4160 200 4198 dm
214 4159 259 4202 121.
268 4163 287 4202 2.
369 4161 393 4209 h)
407 4158 436 4200 de
451 4181 477 4190 -
492 4161 635 4201 conseribant
648 4161 691 4203 des.
705 4160 755 4203 aa.
829 4160 846 4208 i)
859 4160 979 4202 docum.
1053 4160 1078 4208 k)
1090 4157 1199 4200 ludiclum
1213 4161 1261 4202 Rl.

142 4212 158 4262 l)
172 4212 311 4256 iniustam.
366 4216 396 4262 m)
410 4214 573 4257 sociaturus.
626 4214 697 4262 uma
711 4215 757 4257 121.
812 4216 833 4262 o)
847 4215 904 4253 deest
918 4214 965 4256 121.
1019 4215 1042 4264 p)
1056 4217 1202 4263 neompeero
1216 4215 1262 4256 ΕΙ.

143 4317 157 4357 d
248 4267 330 4310 XXIII.
377 4269 400 4316 a)
419 4264 463 4306 dua
477 4268 527 4310 131.
607 4267 631 4315 b)
649 4265 739 4308 discusa
753 4268 802 4310 121.
885 4269 907 4316 o)
924 4267 957 4305 ito
970 4267 1019 4310 121.
1037 4267 1092 4316 aa·
1112 4267 1262 4308 iuraturRt.

144 4461 171 4526 1)
189 4461 354 4516 conditiones
377 4463 511 4527 famulae
535 4469 763 4516 saracenicam
787 4465 903 4531 scriptae
924 4463 1093 4525 csaeanar;
1118 4464 1152 4526 cf.
1170 4462 1262 4517 Form.

147 4533 205 4586 Via.
222 4549 247 4600 p.
260 4537 302 4601 39,
322 4533 379 4589 LL.
398 4534 490 4590 Foru
505 4552 534 4602 p.
547 4535 607 4590 592.
