3218 5202
353 517 430 572 LEX
448 517 564 574 VISIG.
583 517 852 578 Raocassvntn.
888 521 943 591 111,
963 528 988 590 2,
1008 527 1032 579 3.
1051 526 1077 579 4.
1239 528 1272 580 95

154 702 196 765 ad
219 701 470 784 separandum⁸
494 702 659 768 festinare
682 725 752 768 non
776 704 924 780 differat,
949 710 989 769 ut
1012 727 1145 790 penam,
1170 727 1272 789 quam

153 791 337 865 merentur,
369 790 435 853 hoc
464 794 517 854 est
541 791 669 875 singuli
699 813 817 856 eorum
841 797 987 858 centena
1010 794 1148 878 flagella
1171 797 1272 859 susci·

152 879 260 962 piant.
307 877 353 940 Et
375 879 404 940 si
428 879 618 961 posthanc
642 876 970 946 contradictionemb
992 903 1026 946 se
1050 883 1175 947 iterum
1197 905 1271 948 con-

152 967 361 1043 iuncxerint,
397 987 455 1031 eos
491 967 595 1032 iudex
630 970 864 1052 conprehendi
897 971 1017 1034 iubeat
1052 975 1087 1036 et
1119 972 1175 1033 in⁰
1211 993 1272 1036 sua

152 1055 326 1139 presentia
355 1055 494 1131 exiberi,
525 1059 566 1118 ut
595 1057 780 1140 unicuique
809 1079 927 1122 eorum
949 1060 1103 1123 iteratim
1127 1064 1272 1124 centena

151 1143 290 1226 flagella
318 1143 483 1226 inponere
511 1164 580 1207 non
609 1141 787 1209 desistatd.
835 1144 935 1225 Quod
959 1148 988 1211 si
1010 1149 1116 1212 tertia
1138 1149 1211 1212 vice
1236 1169 1270 1213 se

151 1251 310 1314 separare
333 1231 509 1295 noluerint
520 1232 539 1309 1,
565 1233 723 1297 similiter
738 1238 884 1299 centena
902 1235 1041 1320 flagella
1063 1237 1130 1300 eis⁰
1151 1238 1271 1320 inponi

150 1320 318 1397 iubemus,
344 1320 477 1404 etipsa
500 1321 624 1385 mulier
646 1323 848 1406 parentibus
872 1324 941 1386 suis
965 1325 1001 1387 in
1017 1328 1189 1408 potestate
1205 1329 1271 1389 tra·

152 1409 263 1470 datm.
323 1406 423 1487 Quod
458 1409 487 1471 si
521 1411 740 1493 postmodum
779 1432 854 1476 eam
891 1416 1050 1496 parentes
1083 1417 1270 1477 retrorsum

152 1496 354 1573 dimiserint,
386 1497 432 1560 sit
462 1497 589 1562 ancilla
618 1499 755 1563 domino
784 1500 856 1564 eius
880 1502 977 1565 servi.
1025 1501 1106 1564 Filii
1128 1505 1265 1567 tamen⁰

151 1586 435 1667 quandocumque
470 1589 506 1650 et
540 1587 818 1670 quanticumque,
854 1590 914 1670 qui
946 1610 986 1652 ex
1017 1610 1057 1654 ea
1086 1590 1270 1672 iniquitate

151 1674 282 1737 fuerint
305 1675 485 1756 procreati,
511 1675 710 1738 condicione
734 1677 842 1760 patris
866 1681 1062 1759 sequantur,
1087 1681 1127 1741 ut
1150 1680 1186 1740 in
1206 1699 1270 1743 ser·

150 1761 235 1826 vitio
266 1765 506 1846 permaneant;
538 1763 706 1828 facultate
729 1785 810 1828 vero
833 1765 986 1830 mulieris
1010 1767 1194 1850 propinqui
1217 1768 1270 1830 sui

121 1909 126 1922 ,
150 1851 256 1934 legali
278 1851 491 1914 successione
515 1853 729 1934 conquirant.
776 1847 914 1937 Ipsamf
934 1858 1050 1918 autem
1070 1855 1182 1938 legem
1199 1876 1269 1939 pre-

152 1939 296 2023 cipimus
320 1940 493 2003 custodire
517 1943 553 2003 et
576 1941 619 2004 de
633 1941 716 2004 viris
731 1942 899 2025 ingenuis,
924 1943 983 2024 qui
998 1943 1110 2026 regias
1127 1944 1269 2008 ancillas

150 2027 204 2091 vel
236 2028 340 2091 etiam
371 2029 614 2111 cuiuscumque
645 2029 831 2094 habuerint
862 2031 1053 2114 copulatas,
1087 2035 1127 2094 ut
1158 2033 1269 2096 condi·

152 2116 257 2178 cionis
281 2116 345 2180 hec
368 2116 481 2180 forma
504 2121 667 2181 servetur.

567 2321 637 2380 nn.
667 2323 851 2393 ANTIQUA.

154 2433 195 2497 si
224 2434 382 2498 mulier
416 2434 582 2498 liberta
617 2456 739 2500 servo
775 2436 938 2513 alieno,
972 2437 1041 2501 vel
1076 2437 1268 2502 libertus

481 2523 646 2588 ancille
678 2544 719 2588 se
750 2525 931 2589 socient.

257 2629 294 2693 Si
321 2629 448 2694 liberta
476 2630 601 2694 mulier
628 2651 724 2695 servo
748 2630 861 2694 alieno
885 2651 920 2695 se
945 2633 1179 2696 coniuncxerit
1207 2636 1268 2695 aut

150 2718 185 2780 in
215 2718 434 2782 matrimonio
464 2719 653 2795 sociaverit,
686 2721 900 2783 contestetur
923 2720 955 2783 ei
977 2721 1082 2784 tertio
1111 2721 1268 2784 dominus

150 2807 238 2870 servi
261 2807 478 2891 presentibus
501 2807 613 2870 tribus
636 2807 793 2884 testibus,
818 2811 858 2869 ut
882 2808 946 2871 aba
973 2801 1083 2871 hancb
1112 2810 1268 2873 coniunc-

149 2887 298 2960 tionemb
334 2895 502 2972 discedat,
535 2899 571 2959 et
600 2898 679 2978 post
708 2896 836 2958 trinam
866 2896 1141 2973 conventionem,
1174 2898 1202 2960 si
1232 2918 1267 2961 se

150 3003 306 3067 separare
329 2983 490 3061 noluerit,
515 2984 560 3048 sit
584 2983 732 3047 ancillal
756 2985 893 3048 domino
918 2985 1024 3060 eius0,
1050 2984 1146 3048 cuius
1171 3005 1267 3050 servo

150 3092 183 3136 se
207 3067 435 3136 coniuncsird.
476 3071 513 3135 Si
527 3092 608 3136 vero
631 3092 701 3135 non
724 3076 919 3136 contestata
941 3072 1058 3150 fuerit,
1084 3076 1267 3156 antequam

150 3160 230 3223 filii⁰
263 3163 460 3237 nascantur,
495 3160 558 3224 illa
591 3160 628 3222 in
660 3160 822 3224 libertate
856 3155 1091 3245 permaneatf;
1128 3163 1267 3245 agnatio

150 3252 265 3313 autem
296 3249 386 3313 servi
416 3249 574 3312 domino⁰
610 3249 806 3332 deputetur,
842 3249 923 3331 quia
957 3250 1057 3314 liberi
1092 3270 1163 3314 esse
1197 3272 1267 3315 non

149 3339 302 3421 possunt,
327 3337 387 3420 qui
410 3357 451 3401 ex
474 3337 572 3401 taleg
591 3337 792 3402 condicione
815 3341 1014 3402 nascuntur.
1056 3337 1183 3402 Similis
1207 3331 1263 3403 etll

149 3426 189 3490 de
213 3425 431 3489 manumissis
454 3426 545 3502 viris,
577 3424 636 3508 qui
664 3445 699 3490 se
723 3446 801 3490 cum
825 3426 959 3490 ancillis
983 3427 1104 3491 alienis
1128 3427 1267 3491 miscue-

147 3518 238 3591 runt,
270 3514 374 3577 huius
404 3513 490 3598 legis
520 3513 632 3577 forma
660 3517 823 3578 servetur.
869 3514 959 3578 Nam
983 3515 1012 3578 si
1035 3536 1114 3579 cum
1137 3516 1267 3579 domini

146 3603 338 3666 volumtate
368 3604 403 3665 et
425 3603 648 3686 permissione
679 3621 775 3666 servo
806 3602 918 3667 alieno
949 3604 1203 3668 manumissicia
1231 3625 1266 3669 se

146 3690 236 3756 forte
263 3683 510 3755 coniuncseriti
542 3693 577 3754 et
601 3711 679 3754 cum
701 3691 776 3774 ipso
800 3685 961 3754 dominok
988 3693 1077 3756 servi
1098 3693 1266 3777 placitum

146 3778 278 3857 iecerit,
304 3779 442 3843 omnino
466 3779 634 3864 placitum
656 3773 768 3862 ipsut¹
798 3778 955 3843 iubemus
980 3783 1081 3844 stare.

252 3987 294 4028 III.
322 3989 343 4035 a)
358 3997 463 4036 separare
473 3997 518 4034 pro
532 3984 561 4025 ad
570 3998 588 4028 s.
598 3987 706 4026 festinare
720 3987 766 4029 121.
807 3986 830 4034 b)
845 3987 1021 4026 contractionem
1036 3989 1082 4030 Rl.
1123 3989 1265 4036 emaculet.

147 4037 169 4086 d)
182 4037 288 4089 designat
301 4040 347 4082 Rl.
402 4042 423 4087 e)
437 4044 462 4080 et
475 4040 526 4081 odd.
539 4041 585 4082 ΕΙ,
639 4040 724 4088 ὓΙρει
737 4043 812 4078 autem
826 4039 876 4088 lege
890 4051 911 4088 p.
927 4038 1035 4079 custodiri
1049 4041 1098 4084 Ra.

252 4093 307 4134 IIII.
348 4095 370 4141 a)
383 4093 413 4132 ab
427 4093 456 4135 al.
470 4104 498 4134 m.
511 4097 561 4141 post
575 4093 626 4134 add.
640 4093 686 4134 121.
767 4093 790 4140 b)
804 4103 830 4132 ac
845 4093 1004 4132 coniunctione
1018 4094 1066 4135 Ra
1141 4096 1162 4141 c)
1176 4095 1224 4133 eius
1239 4115 1265 4122 -

146 4147 206 4185 servi
225 4144 315 4185 domino
335 4146 421 4188 tbscr.
435 4147 482 4188 121.
563 4143 586 4194 d)
605 4145 785 4186 coniunxlth.
867 4148 887 4193 e)
906 4145 938 4184 fili
952 4147 998 4188 121.
1079 4148 1205 4194 Omaneat
1219 4148 1265 4188 ΕΙ.

146 4200 284 4246 sualim.
333 4199 371 4248 ι11)
385 4200 480 4241 serm.
547 4199 563 4247 i)
578 4199 811 4250 coniuncserlntR15
833 4199 1014 4240 coniunxnltt.
1081 4199 1104 4246 k)
1120 4198 1265 4242 dominini.

147 4252 248 4302 l)ipsum
262 4253 312 4294 Μ.

25 4445 26 4448 =
50 4469 52 4473 ,
149 4411 173 4478 1)
191 4412 231 4476 Cf.
249 4412 281 4466 L.
295 4411 371 4466 Rom.
386 4412 440 4465 Vis.
455 4411 482 4465 0.
499 4411 547 4465 rt.
563 4410 612 4476 IV,
628 4413 670 4476 11,
685 4413 710 4477 6,
730 4411 866 4478 lampa:
885 4407 950 4464 Sine
968 4409 1040 4464 trina
1059 4409 1263 4464 denuntiatione

147 4481 243 4534 mulier
261 4498 339 4536 servo
358 4482 452 4534 iuncta
469 4498 526 4534 non
543 4479 575 4533 fit
594 4480 699 4535 ancilla.
