3264 5206
392 527 470 582 Lux
488 525 603 582 VISIG.
623 524 892 582 succussvmn.
929 526 965 595 V,
985 531 1009 596 7,
1028 529 1141 583 15-17.
1275 530 1326 583 173

411 704 475 760 XV.
506 703 674 759 suavius
692 701 1007 760 OHINDASVINDUS
1025 702 1112 758 REX.

325 818 385 882 De
409 816 703 882 libertatibus
727 836 947 880 servorum
970 815 1207 880 fiscalium.

315 923 352 987 Si
374 943 428 988 res
451 923 614 1006 ambigua
631 942 848 1006 nequaquam
863 923 1060 999 occurrerit,
1084 923 1183 986 nulla
1197 923 1326 987 tuturis

206 1012 420 1097 temporibus
449 1012 562 1094 legem
592 1011 724 1075 dandil
750 1010 936 1076 necessitas
966 1011 1161 1075 inmineret.
1209 1006 1321 1090 Quiab

208 1121 289 1184 ergo
313 1101 376 1165 sub
400 1101 571 1165 libertatis
599 1099 746 1164 obtentu
773 1100 942 1164 fiscalium
970 1120 1049 1184 sepe
1080 1100 1321 1184 subreptione⁰

208 1210 382 1255 servorum
411 1189 485 1253 fisci
513 1189 602 1253 vires
633 1189 877 1265 adtenuantur,
913 1209 983 1253 non
1015 1188 1208 1254 invidemus
1238 1189 1326 1253 bene

207 1279 348 1356 meritis,
380 1279 440 1342 sed
470 1277 647 1342 obviamus
674 1277 915 1342 fraudulenter
942 1277 1101 1354 incautis,
1133 1280 1326 1342 statuentes

207 1368 349 1444 scilicet,
374 1370 415 1430 ut
437 1387 508 1431 non
527 1367 629 1430 aliter
645 1366 806 1450 deinceps
822 1365 961 1430 conlata
975 1386 1073 1430 servo
1088 1366 1161 1429 fisci
1184 1366 1326 1430 libertas

206 1449 429 1520 nullatenus(l
447 1455 572 1533 valeat,
596 1455 664 1518 nisi
679 1455 772 1538 regie
788 1475 909 1518 manus
925 1455 1032 1518 fuerit
1049 1455 1129 1519 stilo
1146 1455 1325 1538 suscripta.

604 1589 684 1646 xvr.
714 1588 929 1659 cumcurn.

257 1686 317 1750 De
347 1685 528 1750 libertis
558 1689 601 1749 et
629 1684 758 1749 rebus
788 1684 1016 1748 fiscalium
1046 1705 1276 1749 servorum.

316 1792 428 1857 Servis
450 1792 577 1857 nostris
601 1793 674 1856 sine
698 1791 862 1876 permisso
885 1795 1003 1856 nostro
1019 1791 1216 1857 libertatem
1235 1813 1326 1855 man-

208 1875 331 1966 cipiisb
354 1881 444 1944 suis⁰
466 1883 547 1946 dare
569 1901 641 1945 non
664 1880 817 1944 sinimus.
858 1879 959 1959 Quod
982 1881 1011 1943 si
1035 1881 1203 1958 dederint,
1228 1881 1326 1945 liber-

206 1973 262 2034 tas
297 1970 379 2034 data
413 1991 483 2034 non
512 1969 643 2048 valeat;
680 1963 761 2033 sed(l
792 1969 856 2033 hec
890 1970 1151 2034 tantummodo⁰
1184 1970 1326 2033 libertas

208 2059 337 2123 habeat
359 2058 568 2135 firmitatem,
593 2079 659 2142 que
683 2079 724 2122 ex
739 2061 858 2121 nostra
872 2057 1092 2144 preceptione
1116 2059 1326 2122 conceditur.

209 2146 322 2212 Simili
349 2147 451 2211 modo
478 2147 583 2211 servis
611 2147 737 2211 nostris
765 2147 937 2230 mancipia
966 2164 1029 2210 sua
1057 2149 1118 2209 aut
1145 2150 1254 2211 terras
1283 2148 1327 2210 ad

208 2236 334 2300 liberos
368 2237 524 2300 homines
559 2256 629 2300 non
663 2235 767 2299 liceat
795 2235 988 2299 vinditione
1022 2236 1224 2314 transferre,
1259 2236 1327 2299 nisi

207 2325 450 2388 tantummodo
478 2324 554 2388 aliis
582 2324 687 2388 servis
714 2324 841 2387 nostris
862 2325 1036 2388 vendendi
1058 2323 1211 2388 habeant
1234 2328 1326 2408 pote-

209 2416 344 2477 statem.
391 2412 492 2492 Quod
515 2413 544 2476 si
566 2416 676 2476 terras
700 2412 769 2477 sive
792 2413 965 2497 mancipia
988 2412 1130 2477 ecclesie
1154 2413 1223 2478 sive
1247 2434 1326 2496 pau·
1448 2473 1452 2488 ,

208 2502 347 2586 peribus
370 2502 498 2566 donare
512 2501 696 2579 voluerint,
721 2501 861 2566 donatio
886 2502 949 2565 hec
964 2500 1019 2566 vel
1034 2501 1206 2566 volumtas
1229 2501 1327 2564 nulla

208 2591 342 2655 ratione
373 2590 549 2654 subsistat.
594 2590 684 2653 Illut
714 2589 807 2654 enim
836 2590 884 2654 eis
913 2592 1053 2653 tantum
1082 2591 1222 2674 pietatis
1251 2611 1326 2654 con-

207 2679 435 2763 templatione
465 2679 698 2756 concedimus,
730 2681 770 2741 ut
799 2699 861 2763 pro
891 2677 1071 2742 animabus
1103 2679 1173 2742 suis
1204 2678 1326 2742 eclesie

208 2768 264 2832 vel
293 2767 502 2852 pauperibus
532 2768 574 2832 de
605 2767 681 2831 aliis
710 2766 949 2831 facultatibus·
969 2767 1171 2850 largiantur.
1222 2767 1268 2830 Et
1298 2767 1327 2830 si

209 2855 523 2941 preterterrasvel
546 2855 718 2940 mancipia
740 2855 830 2918 nihil
854 2855 1006 2920 habeant
1028 2854 1217 2932 facultatis,
1241 2858 1326 2920 tunc

210 2945 252 3010 de
279 2945 380 3010 terris
409 2945 520 3028 adque
548 2945 728 3029 mancipiis
756 2945 804 3009 eis
827 2944 999 3008 vendendi
1019 2943 1211 3034 ‘tribuimus
1234 2948 1327 3028 pote-

209 3036 350 3111 statem;
382 3034 433 3098 ita
456 3037 505 3111 ut,
535 3035 624 3098 sicut
646 3055 751 3118 supra
774 3033 905 3097 dictum
936 3033 1000 3110 est,
1029 3053 1050 3095 a
1072 3033 1177 3097 servis
1200 3033 1327 3097 nostris

208 3123 423 3200 tantumodo,
455 3123 547 3206 quod
577 3140 759 3187 conservus
781 3122 985 3198 vendiderit,
1017 3123 1232 3205 conparetur,
1263 3141 1327 3185 nec

209 3210 297 3275 liber
319 3210 413 3275 ullus
436 3213 481 3276 ad
500 3213 716 3275 contractum
739 3211 842 3274 huius
866 3210 1026 3274 emtionis
1049 3210 1211 3294 adspiret.
1250 3209 1327 3274 Pre-

102 3325 107 3334 ·
208 3299 297 3362 tium
332 3303 461 3378 autem,
497 3300 591 3383 quod
625 3300 667 3364 de
701 3301 795 3364 terra
823 3299 879 3364 vel
909 3299 1088 3382 mancipiis
1120 3299 1325 3383 acceperint,

210 3391 349 3470 erogare
379 3409 441 3474 pro
472 3388 651 3453 animabus
681 3388 751 3479 suis
782 3387 903 3453 eclesie
933 3387 989 3452 vel
1018 3387 1227 3476 pauperibus
1257 3408 1327 3450 non

208 3480 379 3541 vetentur.
409 3495 411 3502 ’
576 3497 578 3505 ’
667 3496 670 3502 ·
899 3500 901 3506 ·

285 3583 382 3684 xvii.
411 3610 581 3668 suavius
600 3610 813 3667 anomosus
831 3609 1141 3667 succussvmnus
1159 3611 1247 3669 nux.

209 3725 295 3789 Nea
322 3725 505 3799 liberti⁸
527 3724 600 3799 ‚vel
620 3725 852 3808 progenies
875 3745 1021 3790 eorum
1044 3717 1160 3788 cumb
1187 3727 1327 3808 poste·

209 3815 346 3878 ritate
374 3814 552 3898 patroni
579 3816 653 3879 aut
677 3814 885 3896 coniugia
908 3816 1144 3877 conectunt
1168 3817 1242 3876 aut
1266 3813 1327 3877 eis

514 3901 785 3966 insolentes⁰
814 3902 1019 3966 existant.

317 4008 499 4073 Interdum
514 4009 662 4073 vidimus
686 4013 860 4073 excessum
875 4008 1119 4090 licentiamque
1143 4026 1326 4084 servorum,

210 4099 246 4161 et
269 4093 409 4162 dolore‘l
428 4098 539 4162 coacti
562 4117 679 4162 sumus
701 4097 893 4181 ignominia
915 4096 1142 4161 dominorum.
1179 4095 1328 4175 Quidam

314 4253 363 4295 XV.
410 4255 432 4302 a)
450 4250 532 4293 dumne
548 4264 594 4302 pro
612 4250 633 4296 d.
651 4264 674 4294 n.
691 4252 741 4294 ar.
821 4253 844 4301 b)
862 4249 917 4300 quid
935 4253 984 4296 Bl.
1065 4254 1086 4301 c)
1103 4250 1264 4301 supreetltlcne
1282 4250 1328 4292 ΕΙ.

210 4303 234 4356 d)
247 4305 399 4401 ummffvllz
422 4362 445 4409 s)
458 4361 515 4398 dccet
528 4359 577 4402 122.
655 4359 678 4408 b)
692 4360 805 4409 mancipis
819 4359 868 4401 Bt.
946 4357 968 4410 c)
982 4357 1037 4410 [suls
1051 4379 1078 4390 -
1092 4353 1254 4410 tamtummodo
1268 4356 1329 4394 uncis

210 4413 413 4456 inclucadoedtz
467 4411 609 4465 d)neeR1.

316 4466 389 4508 XVII.
428 4468 451 4515 ι)
464 4467 500 4506 De
513 4466 626 4506 libertatis
640 4478 685 4516 pro
702 4467 736 4506 Ne
749 4466 764 4508 l.
778 4466 824 4508 ΕΙ.
904 4465 927 4514 b)
945 4465 969 4504 in
987 4467 1100 4514 potestate
1113 4474 1158 4512 pro
1176 4473 1226 4503 curn
1240 4462 1327 4512 p.121;

211 4529 261 4559 cum
275 4521 332 4560 dccet
345 4519 394 4563 122.
448 4522 468 4569 c)
483 4519 608 4560 insulenter
621 4521 668 4562 ΕΙ.
722 4517 745 4568 d)
759 4521 792 4558 ita
805 4520 851 4561 121.
865 4518 918 4570 313
934 4515 1010 4558 dolere
1025 4518 1044 4556 R
1053 4517 1073 4560 2.
