3218 5202
364 504 442 560 LEX
461 507 577 566 VISIG.
596 507 865 566 Rnocnssvmn.
902 507 957 577 III,
977 513 1044 578 1,1.
1063 514 1088 567 2.
1253 513 1288 567 87

166 711 252 774 grue
268 689 422 755 dividere
437 691 562 754 maluit
585 710 747 775 personas
762 691 800 754 in
816 692 987 776 coniuges,
1012 712 1096 776 quas
1113 692 1283 776 dignitas⁰

167 799 333 863 conpares
357 773 559 862 exequavitf
585 781 622 842 in
645 800 779 864 genere.
827 779 879 845 Ob
910 782 976 844 hoc
1006 780 1140 845 meliori
1170 801 1288 866 propo

168 867 257 930 sitog
283 866 468 932 salubriter
491 872 679 944 censentes,
706 869 817 952 prisce
840 868 927 952 legis
950 872 1082 934 remota
1105 871 1286 947 sententia,
1393 923 1397 930 .

168 955 234 1019 hac
268 955 305 1017 in
339 959 545 1040 perpetuum
580 949 751 1020 valiturah
788 957 866 1041 lege
901 958 1104 1022 sanccimus:
1140 961 1181 1021 ut
1214 961 1288 1021 tam

168 1043 281 1108 Gotus
303 1043 507 1121 Romanam,
538 1066 641 1128 quam
672 1045 777 1109 etiam
801 1043 928 1110 Gotam
950 1046 1125 1109 Romanus
1156 1047 1184 1110 si
1213 1067 1288 1111 con·

166 1125 301 1214 iugem¹
324 1133 452 1197 habere
467 1133 625 1211 voluerit,
650 1134 816 1217 premissa
831 1128 1022 1218 petitione¹¹
1041 1135 1286 1218 dignissimam,

166 1220 318 1285 facultas
342 1215 408 1285 eis¹
431 1221 585 1286 nubendi
603 1222 790 1298 subiaceat,
815 1222 1061 1306 liberumquem
1085 1223 1130 1286 sit
1153 1222 1284 1287 libero¹¹

166 1308 348 1386 liberam0,
373 1330 476 1392 quam
490 1309 649 1387 voluerit,
675 1314 795 1374 onesta
813 1311 1065 1388 coniunctione,
1091 1311 1287 1375 consultum

167 1397 431 1480 perquirendov,
449 1399 606 1483 prosapie
623 1398 836 1464 sollemniter
853 1419 1019 1464 consensu
1036 1400 1160 1464 comite
1169 1399 1189 1477 1,
1214 1421 1287 1484 per·

167 1486 283 1568 cipere
308 1486 498 1569 coniugem.

597 1656 638 1716 H.
667 1655 853 1727 ANTIQUA.

209 1767 252 1832 Si
287 1768 438 1852 puella
472 1773 627 1833 contra
660 1770 950 1834 volumtatem
987 1771 1129 1854 patris
1165 1771 1253 1834 alio

312 1857 465 1934 nubat,
498 1878 589 1922 cum
621 1859 680 1922 sit
711 1858 846 1923 alteri
877 1859 1145 1943 disponsata.

131 2018 138 2030 .
279 1961 315 2026 Si
337 1963 413 2045 quis
436 1962 588 2046 puellam
613 1985 691 2028 cum
711 1964 937 2029 volumtatem
961 1965 1069 2049 patris
1092 1968 1289 2049 sponsatam

171 2051 342 2129 habuerit,
368 2055 403 2115 et
426 2052 501 2136 ipsa
523 2052 649 2136 puella,
675 2055 897 2117 contemnens
920 2053 1147 2118 volumtatem
1170 2055 1288 2137 patris,

171 2140 214 2202 ad
239 2139 345 2202 alium
371 2140 526 2216 tendens,
558 2141 650 2225 patri
680 2142 903 2219 contradicat,
935 2145 976 2205 ut
1003 2142 1057 2205 illi
1083 2162 1153 2206 non
1177 2143 1287 2219 detur,

169 2229 226 2292 cui
248 2249 270 2290 a
292 2231 391 2312 patre
415 2228 523 2292 fuerit
546 2233 657 2312 pacta,
682 2231 748 2294 hoc
771 2231 823 2293 ita
845 2251 921 2294 eam
935 2230 1034 2294 nullo
1050 2231 1152 2294 modo
1175 2230 1289 2295 facere

169 2317 412 2399 permittimus.
459 2316 582 2394 Quod²
612 2319 641 2381 si
669 2319 745 2402 ipsa
774 2319 892 2402 puella
920 2322 1040 2382 contra
1062 2319 1289 2384 volumtatem

169 2407 350 2488 paternam
369 2406 414 2468 ad
430 2405 546 2483 alium,
570 2427 672 2489 quem
687 2407 763 2490 ipsa
779 2408 944 2491 cupierat,
969 2407 1059 2471 forte
1083 2409 1287 2492 pervenerit,

170 2493 301 2576 etipse
325 2514 401 2557 eam
423 2515 565 2558 uxorem
588 2495 716 2559 habere
740 2495 972 2579 presumserit,
1004 2495 1104 2560 ambo
1131 2496 1169 2558 in
1196 2499 1288 2580 potc-

168 2583 294 2645 statem
326 2582 398 2646 eius
428 2583 621 2660 tradantur,
654 2584 712 2667 qui
740 2605 815 2647 eam
839 2605 916 2648 cum
939 2584 1152 2648 volumtate³
1179 2585 1288 2668 patris

168 2673 366 2752 sponsatam
396 2671 576 2735 habuerat.
623 2671 669 2734 Et
698 2673 727 2735 si
754 2672 880 2737 fratres
902 2672 958 2736 vel
982 2675 1092 2737 mater
1123 2673 1195 2736 eius
1226 2676 1288 2735 aut

168 2757 228 2820 alii
258 2762 419 2841 parentes
449 2759 538 2824 male
561 2759 747 2824 volumtati
769 2761 842 2824 eius
866 2758 1110 2837 consenserint,
1141 2764 1182 2823 ut
1212 2782 1287 2824 eam

167 2847 220 2909 illi
250 2847 438 2923 traderent,
470 2868 571 2930 quem
601 2849 677 2932 ipsa
706 2849 773 2912 sibi
803 2852 923 2913 contra
952 2852 1133 2932 paternam
1159 2848 1287 2913 volum·

167 2937 276 2999 tatem
294 2936 459 3019 cupierat,
485 2939 520 3000 et
543 2937 609 3000 hoc
633 2937 678 2999 ad
701 2937 864 3002 effectum
883 2938 1116 3020 perduxerint,
1140 2937 1203 3014 illi,
1227 2938 1287 3019 qui

168 3023 232 3088 hoc
263 3024 536 3101 macinaveruut,
568 3019 712 3089 libramb
741 3026 816 3088 auri
847 3027 931 3090 dent
961 3027 1017 3089 cui
1044 3046 1104 3090 rex
1131 3026 1285 3102 iusserit;

168 3113 214 3175 sic
245 3115 372 3190 tamen,
403 3116 444 3175 ut
472 3112 644 3176 volumtas
672 3135 791 3178 eorum
819 3136 890 3178 non
919 3114 1047 3178 habeat
1077 3114 1307 3190 firmitatem„

169 3201 227 3264 sed
257 3200 339 3284 ipsi,
370 3201 460 3264 siout
490 3203 646 3284 superius
677 3203 838 3280 diximus,
871 3203 971 3267 ambo
1001 3203 1186 3266 tradantur
1209 3223 1287 3266 cum

168 3289 260 3352 omni
288 3288 483 3353 substantia
510 3310 572 3353 sua
598 3289 662 3368 illi,
692 3291 748 3354 cui
778 3294 881 3355 antea
908 3292 1025 3356 fuerat
1053 3292 1285 3375 disponsata0.

168 3372 343 3441 Eandemd
369 3377 482 3460 legem
505 3378 713 3463 precipimus
737 3381 911 3456 custodiri,
944 3380 973 3442 si
1000 3383 1100 3463 pater
1127 3380 1169 3444 de
1192 3379 1284 3444 filiae

167 3466 298 3549 nuptiis
322 3466 494 3530 definierit
517 3470 552 3530 et
576 3468 618 3532 de
643 3467 755 3550 pretio
778 3469 986 3544 convenerit,
1011 3469 1076 3532 hac
1101 3469 1129 3532 si
1152 3469 1195 3532 ab
1219 3468 1285 3532 hac

167 3554 239 3616 vita
252 3555 465 3631 transierite,
491 3558 676 3638 antequam
698 3576 773 3619 cam
794 3559 892 3640 pater
908 3577 989 3620 suus
1008 3557 1136 3641 nuptui
1157 3557 1284 3633 tradat,

274 3764 295 3810 e)
310 3759 389 3811 dignas
400 3773 525 3810 conparans
536 3773 581 3812 pro
596 3761 694 3813 dignitas
707 3773 815 3812 conpares
830 3765 876 3806 ΕΙ.
930 3763 1084 3815 Oexequablt
1098 3765 1118 3802 R
1127 3764 1146 3806 2.
1200 3766 1222 3812 g)
1237 3774 1287 3812 pre·

168 3815 239 3862 posito
254 3815 301 3856 ΕΙ,
371 3816 395 3863 h)
409 3816 513 3855 valetura
526 3817 573 3859 121.
647 3817 664 3864 i)
678 3817 773 3866 coniuge
786 3817 832 3860 ΕΙ,
907 3815 931 3864 k)
946 3816 1079 3866 petitionem
1094 3815 1224 3866 dignissima
1238 3817 1287 3859 Bt.

167 3867 183 3915 1)
197 3868 275 3915 eisque
289 3869 336 3910 121.
404 3870 435 3915 m)
452 3868 594 3917 liverumque
608 3869 656 3911 122.
723 3872 747 3917 n)
765 3869 822 3908 deest
835 3871 886 3919 1313
908 3870 981 3910 livero
995 3871 1043 3914 ΒΞ.
1112 3873 1133 3918 ο)
1152 3871 1224 3910 livera
1238 3871 1286 3912 122.

167 3923 189 3968 p)
202 3919 378 3969 perquirendum
393 3923 413 3960 R
421 3923 440 3963 1.

272 3975 302 4016 11.
337 3977 359 4021 a)
373 3975 519 4014 volumtatem
533 3975 579 4018 Rl.
634 3976 657 4024 b)
671 3975 729 4014 libra
743 3976 789 4018 121.
844 3975 865 4026 c)
879 3981 985 4024 sponsata
998 3976 1048 4018 Ba.
1102 3973 1126 4024 d)
1139 3973 1225 4016 Eadem
1240 3977 1287 4017 121.

168 4028 188 4074 e)
202 4028 334 4066 transierint
348 4027 394 4069 Bt.

168 4185 193 4249 1)
209 4186 244 4236 Id
262 4193 299 4238 eet
319 4188 471 4254 ‘prosapiae
489 4187 711 4254 (='purcntum)
735 4203 861 4240 consensu
878 4187 1019 4239 caedente
1036 4189 1076 4240 vel
1095 4189 1129 4239 ‘ei
1145 4203 1286 4240 caucasus

164 4264 306 4323 parentum
326 4259 428 4323 dotur’,
455 4259 580 4310 similiter
605 4274 636 4310 oc
660 4259 761 4310 dicitur
788 4261 851 4310 ‘vita
869 4259 976 4325 comitc',
1005 4260 1095 4313 Genea
1115 4261 1157 4324 18,
1179 4260 1220 4313 10.
1241 4259 1285 4312 14.

167 4327 277 4379 Minime
299 4343 367 4394 vero,
391 4336 421 4379 ut
439 4330 623 4396 epiroticum
640 4331 696 4380 oiri
712 4331 789 4394 docti,
814 4331 845 4380 de
864 4330 985 4381 ‘comitis'
1003 4331 1142 4381 cuiusdam
1159 4344 1285 4380 concaua

167 4399 242 4450 certo
265 4400 438 4465 intellipcnda
461 4405 531 4455 aunt.
621 4400 649 4466 2)
667 4401 709 4464 Of.
727 4401 759 4454 F.
779 4400 870 4465 Dabar,
893 4401 999 4466 ‘Westu
1019 4401 1106 4455 saud)
1121 4417 1150 4468 p.
1165 4403 1216 4455 114
1229 4416 1291 4466 sq.‚·

167 4469 199 4524 R.
217 4469 307 4536 Solam,
329 4470 419 4522 ‘Rectt
437 4471 463 4525 d.
481 4469 712 4536 Ebesohliessuny'
727 4489 756 4538 p.
771 4473 813 4534 76,
833 4488 860 4524 n.
874 4474 899 4525 1.
