3220 5212
330 515 366 568 44
531 509 610 565 LEX
628 509 743 566 VISIG.
762 509 1032 570 REOOESSVIND.
1068 509 1256 581 11,1,7-10.

331 698 505 760 reservata
522 694 655 758 cunctis
672 695 737 758 hac
754 693 889 778 plenius
906 694 1078 773 libertate,
1103 699 1144 758 ut
1159 697 1359 780 principem,
1380 699 1454 758 tam

332 787 518 868 suprestem
548 803 652 866 quam
680 787 827 861 mortuo,
863 783 968 848 liceat
997 784 1185 867 unicuique
1215 805 1277 868 pro
1304 785 1454 867 negotiis

331 875 397 936 hac
428 871 530 936 rebus
554 871 713 935 omnibus
744 876 780 936 et
809 872 914 955 loqui,
944 873 1037 955 quod
1060 874 1105 937 ad
1129 893 1268 937 causam
1291 874 1453 957 pertinet,

332 965 368 1026 et
392 961 608 1038 contendere,
640 961 730 1024 sicut
753 961 862 1038 decet,
892 964 927 1025 et
950 962 1118 1025 iudicium
1141 963 1337 1045 promereri,
1362 962 1455 1044 quod

332 1051 452 1128 debet;
483 1050 534 1113 ita
564 1050 656 1113 enim
685 1053 838 1133 ponere¹¹
871 1050 1016 1113 nitimur
1045 1051 1195 1115 humane
1225 1051 1455 1115 reverentiam

332 1138 506 1222 dignitati,
530 1141 571 1201 ut
595 1138 762 1216 devotius,
787 1158 922 1203 servare
938 1138 1141 1223 probemur⁰
1161 1139 1332 1204 iustitiam
1347 1139 1454 1203 Deip.

418 1325 501 1384 VIII.
529 1325 697 1382 FLAVIUS
717 1325 930 1383 GLORIOSUS
948 1326 1258 1384 REOOESSVINDUS
1276 1325 1364 1384 REX.

377 1440 437 1504 De
460 1439 668 1504 remotisa
696 1439 944 1504 alienarum
966 1441 1189 1523 gentium⁸
1217 1439 1405 1524 legibus.

439 1563 562 1628 Aliene
586 1564 699 1646 gentis
722 1563 858 1646 legibus
882 1565 927 1628 ad
951 1557 1169 1628 e'xercitiamb
1192 1564 1384 1628 hutilitatis
1406 1565 1456 1626 in·

332 1653 393 1717 bui
417 1656 452 1717 et
475 1653 707 1736 permittimus
731 1656 766 1716 et
790 1656 962 1736 optamus;
988 1654 1033 1717 ad
1056 1653 1275 1736 negotiorum
1290 1673 1370 1717 vero
1392 1654 1456 1716 dis·

333 1742 544 1806 cussionem⁰
567 1744 602 1804 et
625 1740 833 1805 resultamus
857 1745 893 1805 et
915 1741 1121 1826 proibemus.
1158 1736 1344 1820 Quamvis‘1
1363 1743 1457 1806 enim

333 1830 477 1913 eloquiis
494 1829 659 1913 polleant,
676 1833 794 1893 tamen
811 1830 1079 1894 difficultatibus
1094 1832 1232 1908 herent;
1258 1831 1354 1908 adeo,
1376 1850 1457 1894 cum

333 1918 485 1982 sufficiat
515 1918 560 1982 ad
590 1918 723 1982 iustitie
753 1918 1006 2002 plenitudinem
1035 1923 1070 1983 et
1093 1920 1322 2002 prescrutatio
1353 1920 1457 1984 ratio·

332 2029 416 2070 num
440 2011 475 2071 et
499 2007 758 2090 conpetentium
781 2008 865 2071 ordo
888 2007 1082 2086 verborum,
1110 2028 1176 2090 que
1201 2008 1327 2072 codicis
1351 2009 1457 2072 huius

332 2097 435 2160 series
459 2095 676 2180 agnoscitur⁰
699 2096 883 2174 continere,
908 2096 1069 2160 nolumus
1093 2097 1164 2161 sive
1186 2096 1350 2160 Romanis
1374 2097 1457 2180 legi·

332 2184 396 2248 bus
420 2205 481 2248 seu
504 2183 625 2248 alienis
649 2184 928 2249 institutionibus
951 2186 1075 2249 amodo
1098 2185 1246 2269 amplius
1264 2187 1456 2250 convexari.

408 2371 506 2430 vnn.
533 2372 702 2428 FLAVIUS
721 2372 936 2429 GLORIOSUS
955 2372 1266 2429 REOOESSVINDUS
1285 2373 1374 2430 REX.

333 2485 393 2548 Ne
414 2485 938 2569 exceptotalemlibrum,
960 2486 1106 2569 qualis
1124 2487 1208 2565 hic,
1230 2488 1458 2572 quinuper

334 2578 399 2638 est
420 2574 585 2652 editus,
608 2574 818 2639 alterum⁸
838 2576 1022 2658 quisque
1038 2579 1261 2659 presumat
1282 2575 1456 2640 habere.

439 2697 567 2762 Nullus
583 2719 721 2782 prorsus
736 2719 778 2763 ex
794 2692 973 2763 omnibusb
991 2701 1090 2782 regni
1105 2700 1215 2763 nostri
1230 2703 1346 2784 preter
1361 2701 1458 2764 hunc

332 2786 470 2864 librum,
495 2788 555 2870 qui
576 2808 687 2872 nuper
710 2791 782 2852 est⁰
811 2789 959 2865 editus&
984 2789 1096 2870 adque
1120 2790 1309 2853 secundum
1332 2789 1459 2853 seriem

332 2876 436 2938 huius
467 2877 589 2940 amodo
619 2876 829 2940 translatum
859 2876 987 2941 librum
1014 2876 1132 2960 legum
1154 2898 1216 2961 pro
1240 2897 1458 2960 quocumque

332 2959 494 3046 negotiod
520 2965 627 3029 iudici
650 2965 774 3029 offerre
798 2969 994 3050 pertemtet.
1042 2965 1142 3044 Quod
1166 2966 1195 3029 si
1221 2967 1455 3050 presumserit,

332 3063 417 3118 XXX
439 3053 546 3117 libras
569 3054 645 3118 auri
668 3054 750 3119 fisco
773 3054 956 3137 persolvat.
1004 3055 1115 3119 Iudex
1142 3075 1287 3138 quoque,
1316 3054 1345 3118 si
1372 3054 1457 3118 veti-

332 3145 409 3204 tum
442 3141 570 3205 librum
603 3143 693 3206 sive⁰
728 3147 848 3226 postea
878 3142 1035 3206 oblatum
1065 3144 1276 3228 disrumpere
1306 3143 1457 3208 fortasse

334 3230 519 3307 distulerit,
544 3231 698 3314 predicte
722 3231 954 3296 damnationis
978 3233 1157 3316 dispendio
1181 3231 1382 3297 subiacebit.
1476 3253 1500 3291 a.

556 3399 592 3456 X.
620 3399 788 3456 FLAVIUS
807 3400 1121 3458 OHINDASVINDUS
1140 3402 1228 3460 REX.

334 3512 393 3576 De
425 3512 579 3576 diebus
610 3513 743 3577 festis
774 3518 816 3578 et
846 3515 1044 3593 feriatis,
1079 3517 1149 3579 ina
1183 3516 1340 3599 quibus
1370 3537 1458 3580 non

577 3605 677 3665 sunt
706 3604 888 3685 negotia
918 3597 1211 3686 exequendab.

441 3723 528 3789 Die1
565 3725 747 3790 Dominico
785 3729 958 3792 neminem
996 3728 1101 3792 liceat
1139 3728 1339 3793 executione
1380 3748 1458 3792 con-

334 3814 466 3897 stringi,
500 3815 581 3895 quia
611 3835 728 3880 omnes
760 3836 878 3880 causas
908 3813 1031 3902 religio
1063 3817 1166 3882 debet
1196 3817 1387 3894 excludere,
1419 3818 1458 3881 in

441 4006 471 4051 m)
484 4004 603 4054 subpreste
617 4005 666 4049 122.
720 4008 744 4054 n)
757 4007 814 4045 deest
827 4008 875 4046 121.
931 4009 952 4054 o)
966 4007 1086 4056 probemus
1100 4008 1149 4050 121.
1203 4009 1226 4056 p)
1241 4007 1332 4046 Domlnl
1346 4007 1395 4049 121.

440 4058 503 4100 VIII.
539 4061 561 4106 a)
575 4059 641 4098 motis
655 4062 720 4108 (cm.
733 4060 835 4111 remotis)
849 4061 974 4100 alienarum
988 4061 1115 4109 regentium
1128 4061 1178 4103 121.
1232 4061 1256 4109 b)
1269 4061 1302 4099 tta
1315 4061 1364 4102 121.
1373 4061 1393 4103 2.
1406 4060 1458 4103 ΕΙ.

334 4114 355 4159 c)
370 4109 519 4150 discutionem
533 4112 582 4154 122.
595 4113 644 4154 El.
699 4111 722 4161 d)
736 4113 771 4152 vis
785 4114 842 4152 deest
856 4114 904 4156 121.
959 4116 980 4161 e)
994 4119 1130 4162 agnoscatur
1143 4115 1192 4156 Bl.

440 4164 515 4206 v1111.
549 4169 571 4214 a)
585 4164 801 4206 alterum-editus
815 4168 916 4209 deum.
964 4167 986 4215 b)
1001 4167 1129 4207 hominibus
1143 4168 1193 4210 Ra.
1234 4170 1254 4215 c)
1269 4171 1304 4207 est
1317 4164 1392 4224 editus
1406 4167 1459 4210 ΒΞ.

334 4215 357 4265 cl)
372 4217 487 4266 negotium
501 4219 522 4257 R
532 4220 550 4261 1.
605 4222 625 4267 e)
640 4220 673 4258 ita
686 4220 706 4258 R
716 4223 734 4261 1.
745 4219 757 4258 2
767 4231 812 4268 pro
826 4220 876 4262 sibi.

440 4272 466 4314 X.
507 4273 529 4320 a)
543 4272 599 4312 deest
613 4273 634 4311 R
643 4276 662 4315 1.
716 4273 739 4325 b)
754 4271 960 4316 extendendam.

335 4413 361 4478 1)
384 4413 525 4480 Sequentia
549 4416 671 4466 omnimo
696 4431 729 4466 cx
749 4422 829 4482 parte
851 4421 959 4482 sumpta
982 4422 1046 4467 sunt
1069 4431 1102 4467 ex
1123 4416 1191 4481 Leye
1208 4415 1283 4468 Rom.
1302 4416 1365 4482 Via,
1393 4415 1458 4470 cod.

337 4485 432 4538 lbeod.
451 4485 491 4551 II,
511 4486 537 4550 8,
557 4488 583 4540 2.
602 4486 665 4551 Int,
685 4486 730 4538 scd
745 4488 850 4553 partim
868 4487 934 4539 aliis
952 4487 1037 4540 vatis
1054 4494 1183 4554 cmwepta.
