3218 5202
331 514 367 567 74
538 509 616 566 Lux
633 509 749 568 VISIG.
767 509 1037 570 succussvniu.
1073 509 1112 580 Π,
1130 514 1156 580 4,
1174 514 1202 569 4.
1219 515 1245 570 5.

332 692 461 759 crimen
484 685 673 759 obieceritb
701 696 763 756 aut
786 693 834 757 sie
862 693 968 759 etiam
996 693 1173 758 dominum
1201 714 1301 758 suum
1330 695 1368 758 in
1391 697 1452 760 cri·

331 783 424 848 mine
439 776 651 867 inpetis-iad,
675 780 762 846 nisi⁰
782 783 819 846 in
834 783 1017 846 tormentis
1033 783 1165 866 positus
1181 787 1339 866 exponat,
1358 785 1452 908 quod

332 871 471 948 dixerit;
501 874 644 954 excepto
667 869 755 936 servi
778 871 907 935 nostri⁰
935 903 978 914 -
1008 870 1097 935 nisi¹
1126 871 1186 954 qui
1216 872 1261 936 ad
1289 872 1355 936 hoc
1403 892 1452 938 rc
1477 904 1498 941 v.

331 959 468 1042 gulibus
491 959 639 1024 servitiis
659 959 924 1043 mancipanturg
943 991 995 1034 -‚
1019 963 1059 1024 ut
1082 980 1153 1024 non
1176 959 1337 1024 inmerito
1361 961 1452 1045 pulu-

331 1046 415 1112 tinis
445 1047 570 1112 officiis
600 1045 792 1112 liberaliter
822 1049 1044 1126 honorentur,
1078 1049 1115 1112 id
1145 1052 1214 1114 est:
1250 1048 1453 1114 stabulario·
1587 1103 1593 1134 ,

331 1129 446 1214 rumh,
491 1135 784 1219 gillonariorum²‚
830 1129 1120 1219 argentariorumi
1169 1132 1451 1221 coquorumque¹¹
1588 1173 1593 1252 p

332 1225 511 1309 prepositi,
547 1223 603 1289 vel
633 1224 662 1288 si
691 1218 776 1307 que¹
811 1228 957 1308 preterm
992 1226 1072 1289 his¹¹
1106 1226 1273 1309 superiori
1307 1226 1449 1291 ordine⁰
1592 1257 1593 1300 i

332 1312 388 1378 vel
410 1314 521 1396 gradu
544 1314 773 1397 precedunt1';
798 1333 882 1396 quos
904 1317 1023 1378 tamen
1043 1334 1160 1379 omnes
1184 1318 1219 1379 et
1241 1315 1337 1397 regia
1360 1319 1454 1399 pote·
1586 1346 1592 1357 ·

333 1406 403 1466 stus
426 1401 554 1486 iugiter
576 1423 648 1467 non
671 1401 778 1466 habet
800 1403 972 1485 ignotosl‚
1004 1406 1040 1466 et
1068 1401 1175 1466 nullis
1199 1423 1256 1468 eos
1280 1422 1354 1468 csse
1377 1423 1454 1468 con·

333 1494 404 1556 stat
427 1491 657 1576 pravitatibus
680 1494 742 1555 aut
765 1490 987 1555 criminibuos
1006 1491 1200 1576 inplicatos.
1241 1490 1373 1570 Quibus
1388 1493 1454 1556 uti·

334 1599 400 1662 que
414 1599 496 1644 vera
511 1579 649 1644 dicendi
665 1578 721 1644 vel
736 1578 947 1644 testificandi
965 1577 1140 1654 licentior,
1166 1580 1255 1645 sicut
1278 1584 1314 1644 et
1331 1582 1453 1646 ceteris

333 1669 506 1751 ingenuis,
542 1669 607 1731 hac
637 1667 713 1750 iege
744 1668 954 1732 conceditur.
1007 1668 1060 1732 Dc
1090 1667 1231 1751 reliquis
1262 1672 1379 1734 autem
1409 1670 1455 1734 ad

333 1756 528 1842 palatinum
550 1756 747 1820 servitium⁸
776 1756 1040 1842 pertinentibus,
1070 1756 1275 1840 quicumque
1303 1757 1454 1840 aliquem

333 1847 379 1910 ad
412 1845 649 1910 testimonium
685 1845 870 1909 crediderit
903 1845 1154 1920 advocandum,
1189 1866 1260 1910 non
1290 1844 1392 1910 aliter
1422 1847 1454 1910 ei

334 1934 419 1998 fides
435 1930 788 2009 adcommodavitur‘‚
809 1933 876 1996 nisi
890 1934 985 2017 regie
1001 1934 1183 2019 potestatis
1198 1934 1343 1999 electiou
1362 1935 1455 1998 iusta

335 2027 370 2086 et
393 2023 560 2087 honestall
586 2022 780 2106 permiserit
802 2041 875 2086 esse
899 2023 1119 2099 credendum,
1147 2023 1238 2106 quod
1266 2023 1327 2088 ille
1350 2029 1391 2086 sav
1419 2043 1454 2087 se

333 2110 469 2176 noverit
493 2129 566 2175 csse
588 2109 856 2175 testificandum.

556 2299 592 2355 V.
623 2298 792 2354 FLAVIUS
811 2298 1125 2355 OHINDASVINDUS
1144 2299 1231 2355 REX.

335 2411 396 2476 Ne
433 2415 599 2477 testesa
637 2431 711 2496 per
746 2412 981 2495 epistolam
1018 2413 1325 2475 testimonium
1363 2414 1454 2478 red·

337 2494 481 2578 cantu
503 2504 545 2565 et
565 2499 762 2583 qualiter
782 2500 957 2583 iniungi
977 2501 1281 2564 testimonium
1302 2503 1453 2586 possit.

442 2624 560 2689 Testes
583 2644 653 2688 non
676 2643 736 2708 per
759 2623 944 2708 epistulam
966 2625 1203 2688 testimonium
1234 2625 1361 2702 dicant,
1394 2628 1454 2692 sed

335 2717 510 2798 presentes
538 2734 641 2796 quam
663 2716 834 2778 noverunt
856 2734 926 2776 non
949 2717 1089 2777 taceant
1110 2714 1292 2779 veritatem
1319 2733 1384 2778 uec
1412 2715 1454 2780 de

336 2802 413 2866 aliis
443 2802 591 2884 negotiis
620 2802 857 2866 testimonium
888 2802 1019 2878 dicant,
1051 2802 1118 2865 nisi
1148 2803 1190 2866 de
1221 2803 1275 2865 his
1304 2806 1454 2867 tantum·

334 2892 451 2966 modo,
487 2911 553 2973 que
588 2889 651 2954 sub
686 2891 860 2974 presentia
895 2910 1012 2954 eorum
1042 2894 1121 2953 acta
1150 2909 1223 2954 esse
1252 2895 1453 2956 noscuntur.

336 2979 438 3044 Certe
462 2979 490 3043 si
513 2980 605 3043 idem
627 2982 733 3043 testes
757 2982 837 3042 autc
866 2982 1025 3062 parentes
1049 2978 1104 3042 vel
1128 2979 1238 3055 amici,
1269 2999 1330 3044 seu
1361 2984 1454 3044 etate

335 3068 502 3152 decrepiti
526 3067 581 3131 vel
605 3067 806 3131 infirmitate
830 3067 964 3150 gravati
988 3070 1049 3130 aut
1075 3067 1112 3129 in
1137 3066 1241 3131 aliam
1264 3072 1300 3132 et
1323 3069 1453 3152 longin-

335 3177 438 3239 quam
454 3157 665 3240 provinciam
681 3155 872 3232 constituti,
897 3156 1009 3231 dere,
1034 3175 1100 3238 que
1123 3156 1205 3239 ipsis
1229 3160 1281 3220 est
1305 3158 1452 3240 cognita,

335 3245 572 3309 testimonium
596 3239 789 3326 aliquibus‘¹
816 3244 1068 3326 iniungendum
1095 3246 1328 3328 putaverint&
1360 3249 1396 3310 et
1426 3246 1454 3310 si

335 3355 405 3397 non
429 3334 499 3397 sint
522 3353 639 3396 omnes
663 3332 706 3397 de
729 3353 798 3396 uno
821 3332 1004 3409 territorio,
1035 3333 1094 3415 qui
1123 3329 1381 3397 testimouium‘¹
1408 3335 1454 3398 di·

366 3559 368 3562 .
443 3523 466 3570 b)
481 3522 591 3571 ingererit
604 3522 653 3564 Ru.
720 3524 741 3570 c)
754 3524 774 3562 si
788 3523 844 3562 deest
857 3523 907 3565 ΗΞ,
974 3521 997 3571 d)
1011 3523 1140 3564 inseruierit
1153 3525 1199 3566 Rl.
1260 3524 1282 3570 e)
1296 3524 1340 3563 nisi
1354 3545 1380 3553 -
1394 3525 1455 3564 servi

336 3576 408 3616 nostri
423 3575 472 3623 122,
491 3577 582 3624 quaein
596 3576 634 3614 121
651 3576 766 3623 manifesto
784 3577 867 3614 soritae
886 3586 966 3625 errore,
986 3587 1000 3614 a
1013 3577 1095 3624 duplici
1109 3587 1156 3616 voce
1170 3577 1214 3616 nisi
1228 3581 1282 3626 orto,
1301 3578 1382 3616 omisso
1399 3581 1454 3620 suat,

336 3630 412 3676 Ohuc
426 3629 474 3670 122.
522 3631 544 3677 g)
559 3628 725 3677 mancipiautur
739 3629 787 3671 ΒΞ,
835 3630 859 3677 h)
873 3629 1054 3669 istsbulsriorum
1069 3631 1117 3671 Μ.
1167 3630 1183 3678 i)
1197 3631 1253 3668 deest
1267 3631 1313 3672 Rl.
1363 3631 1386 3678 ir)
1401 3642 1455 3679 quo·

336 3692 431 3730 rumque
440 3682 461 3720 R
468 3684 492 3730 15
509 3691 658 3729 cocorumque
667 3683 688 3720 R
697 3682 721 3732 ῖς
736 3693 858 3730 coquorum
868 3693 958 3730 quoque
967 3683 1020 3733 E13
1036 3693 1130 3730 quornm
1140 3693 1230 3731 quoque
1239 3683 1261 3721 E
1267 3684 1286 3724 2.
1331 3684 1347 3731 l)
1361 3685 1394 3722 ita
1403 3685 1454 3734 ⁸13

337 3736 386 3784 quis
401 3735 449 3777 Rs.
463 3735 485 3772 Ε
493 3735 511 3776 1.
552 3737 582 3783 m)
597 3737 629 3773 ito
638 3735 670 3782 Ε,·
684 3746 735 3783 pres
750 3737 818 3782 (sone
832 3737 858 3784 131⁴
865 3747 910 3784 pro
925 3741 952 3784 pr
965 3737 1069 3784 emptum
1083 3738 1115 3775 cel
1129 3737 1205 3775 lecim
1216 3737 1321 3786 eat)Bl;
1336 3738 1455 3779 dcccclii.

336 3791 360 3836 n)
375 3789 414 3836 qui
428 3788 538 3830 aarum.
579 3787 601 3838 o)
615 3785 711 3827 hordine
725 3789 773 3830 Rs.
814 3790 837 3836 p)
854 3787 1040 3839 prosecuntur.
1080 3792 1103 3838 q)
1117 3790 1268 3839 ignominibus
1278 3790 1455 3839 preignotos—

337 3841 467 3880 criminibus
482 3841 531 3882 Rs.
585 3841 733 3889 uiuentium
748 3842 795 3884 ici.
842 3843 862 3893 s)
876 3842 1004 3881 officium
1019 3843 1065 3884 Bi.
1113 3845 1130 3891 t)
1144 3841 1353 3883 adcommodsbitur
1367 3844 1417 3888 122.
1430 3844 1455 3885 E.

337 3898 360 3944 ιι)
375 3895 435 3933 iustu
449 3897 472 3934 at
486 3895 627 3933 honestatem
641 3894 709 3934 lactic
722 3895 769 3937 ΕΙ.
824 3897 847 3944 v)
860 3892 890 3934 ad
904 3897 951 3938 121.

443 3947 470 3989 V.
503 3949 525 3994 a)
540 3948 604 3987 testis
619 3948 668 3989 ΒΞ.
715 3949 737 3996 b)
752 3945 834 3988 reddat
847 3949 896 3991 Rs.
944 3950 964 3996 c)
978 3953 1019 3987 aut
1032 3954 1138 3996 parentes
1152 3950 1251 3991 ocari.
1305 3947 1329 3997 d)
1343 3949 1455 3998 aliquibus

336 4022 362 4030 -
373 4000 500 4040 testimonio
515 4001 614 4040 hocloco
628 4001 706 4039 omittit
720 4001 767 4050 ΕΙ,
783 4002 820 4039 ubi
833 4006 904 4040 tanuen
919 4002 996 4040 amba:
1010 4003 1029 4041 si
1044 4013 1089 4041 nou
1101 4003 1148 4042 siut
1157 4013 1233 4042 omncs
1248 3999 1276 4041 de
1286 4013 1330 4041 uuo
1341 4003 1456 4042 territorio

337 4054 376 4102 qui
391 4054 542 4093 testimouium
557 4054 699 4103 conmittunt,
718 4055 742 4093 in
758 4066 784 4094 eo
799 4059 874 4094 tumen
889 4055 1002 4094 tsrritcrio
1017 4055 1055 4094 ubi
1070 4055 1108 4095 ille
1122 4060 1241 4094 conrnunet
1260 4057 1322 4103 iissre
1335 4060 1387 4104 poet
1405 4067 1457 4095 con·

336 4111 413 4147 manat
426 4108 508 4145 inserta
522 4107 628 4155 leguntur.
683 4109 703 4155 e)
718 4109 750 4146 aa
764 4108 843 4159 u1.2;
858 4109 974 4157 patuerint
987 4109 1041 4160 1225
1056 4109 1112 4148 deest
1126 4108 1165 4147 ΕΙ
1180 4110 1217 4156 (ct.
1231 4119 1251 4149 n.
1265 4107 1295 4156 d).

338 4266 364 4333 1)
381 4266 533 4332 Lepislotor
541 4267 684 4334 prohibere
696 4267 786 4333 voluit,
806 4269 946 4333 quantinus
961 4268 1064 4318 donini
1080 4283 1168 4320 cervos
1185 4283 1247 4319 suos
1264 4269 1324 4332 regri
1342 4269 1388 4319 ‘od
1400 4269 1457 4321 hoo'

336 4338 481 4403 traderent,
495 4345 525 4389 ut
536 4355 626 4390 eorum
638 4340 785 4390 testintcm'o
797 4340 840 4390 uti
847 4345 969 4405 possm,-
986 4341 1034 4405 qui
1045 4339 1118 4390 locus
1129 4355 1147 4389 a
1159 4339 1342 4390 recitatoribus
1354 4340 1457 4404 formae

335 4409 458 4474 culpatus
476 4409 546 4460 scale
564 4409 710 4462 intellectos
727 4425 780 4460 esce
794 4415 876 4476 potet.
949 4409 976 4476 2)
995 4410 1145 4460 Gillonorii
1162 4416 1224 4460 sunt
1242 4410 1403 4462 buticularii
1419 4411 1458 4462 oel

333 4479 476 4548 pincernae
495 4480 574 4546 (gillo
594 4505 625 4523 =
645 4496 692 4531 voc
709 4480 809 4545 fictile).
