3214 5198
304 518 357 571 370

521 511 576 567 ΠΙ.
612 510 735 565 INDEX
753 509 892 565 RERUM
910 509 960 564 ΕΤ
979 507 1203 564 VERBORUM.

340 690 431 743 sensor
456 696 500 744 010.
528 692 578 757 55;
606 687 777 741 numerarius
802 688 845 740 vel
881 685 1073 755 obpignorare,
1096 685 1277 754 oppignerare
1301 687 1426 740 10154.

339 760 467 815 defensor
485 763 551 828 2973
569 759 719 813 numerarii
736 759 781 812 vel
799 758 845 812 de-

340 832 461 886 fensores
477 847 567 884 annua
579 830 638 884 vice
651 833 793 883 mutantur
810 830 845 885 it.

303 920 445 958 nummus:
465 901 544 955 solidi
562 901 668 954 nummi
685 903 730 956 82.

303 975 429 1028 nuntius:
454 973 476 1026 si
493 972 577 1026 iudex
595 972 701 1026 miserit
719 971 846 1024 nuntium

304 1117 431 1185 nuptiae:
450 1115 484 1168 60
496 1114 599 1184 nuptiis
611 1113 726 1168 definire
744 1116 792 1181 87;
812 1111 846 1165 60

339 1204 366 1242 n.
403 1185 526 1240 definitio
562 1188 612 1253 88;
656 1184 846 1252 dispositiones

340 1257 498 1326 nuptiarum
519 1259 570 1325 85;
595 1259 720 1324 tempore
738 1255 846 1323 nuptia-

339 1345 402 1382 rum
415 1328 488 1396 6010,
502 1327 612 1393 600010,
629 1342 786 1394 promerere
801 1333 846 1380 etc.

342 1404 383 1455 14.
408 1403 469 1455 132.
494 1401 558 1466 141;
586 1415 700 1467 sponsus
722 1400 847 1465 tempore

341 1489 368 1526 n.
386 1470 519 1538 scripture
537 1469 581 1523 vel
606 1468 770 1522 sacramenti
788 1468 846 1522 vin·

341 1541 402 1594 culo
415 1541 550 1610 alligatus,
569 1556 598 1594 se
614 1556 712 1607 sponse
730 1539 847 1607 amplius

341 1612 469 1666 daturum
490 1615 540 1680 90;
567 1614 631 1664 ante
657 1610 766 1678 nuptias
792 1610 848 1664 sive

341 1687 403 1752 post
427 1683 549 1751 nuptias,
576 1681 657 1735 titulo
686 1681 757 1734 dotis
784 1697 848 1734 000-

342 1754 467 1821 scribere,
490 1754 758 1821 6011010115.141;
783 1769 847 1806 con-

342 1826 484 1879 stitutione
502 1824 574 1878 dotis
592 1825 713 1892 impleta,
739 1824 847 1891 nuptia·

341 1913 403 1949 rum
430 1899 578 1965 peragatur
608 1893 678 1949 festa
705 1895 848 1948 celebritas

341 1971 392 2036 883
417 1984 434 2019 a
459 1966 503 2020 die
528 1966 679 2034 sponsionis
701 1983 788 2034 usque
813 1965 849 2018 06

342 2038 499 2105 nuptiarum
530 2037 603 2090 diem
639 2054 695 2090 non
732 2037 849 2105 amplius

343 2126 425 2176 quam
449 2108 590 2161 biennium
614 2111 773 2177 expectetur
798 2111 848 2176 89;

303 2195 307 2203 ’
342 2179 451 2247 nuptias
482 2178 647 2247 suspendere
679 2183 730 2247 923
767 2179 848 2231 nullis

342 2250 444 2318 nuptiis
456 2251 577 2319 copulati
590 2254 654 2319 127;
674 2250 708 2304 60
725 2249 849 2303 divortiis

343 2321 501 2389 nuptiarum
521 2324 587 2390 1163
613 2326 702 2375 mater
725 2321 760 2374 ad
783 2321 848 2374 alias

342 2392 451 2461 nuptias
478 2392 549 2446 forte
576 2393 710 2446 transiens
737 2394 778 2448 16.
805 2396 848 2448 92.

307 2535 449 2603 nuptialis:
462 2533 532 2587 festa
544 2535 677 2603 nuptialia
689 2537 757 2604 2033
770 2533 848 2588 fedus

343 2606 465 2675 nuptiale
484 2607 518 2660 ib.

307 2681 423 2745 nuptus:
442 2676 542 2745 nuptui
559 2677 668 2730 tradere
686 2680 729 2732 87.
749 2678 791 2732 99.

307 2765 392 2801 nurus
413 2751 475 2803 201.

307 2820 412 2872 nutrire
430 2817 605 2885 infantulum,
630 2816 764 2870 infantem
788 2821 849 2873 138.

306 2890 421 2943 nutritio
439 2889 568 2942 infantuli
587 2892 646 2945 138.

555 3070 600 3125 0.

308 3172 410 3226 oblatio
428 3175 574 3240 parentum
594 3175 653 3228 114.

308 3242 444 3312 obligare:
473 3259 515 3296 res
544 3247 570 3296 et
595 3259 741 3310 personam
769 3241 850 3294 simul

344 3315 466 3383 obligare
493 3317 544 3380 8ος
571 3315 670 3384 pignus
695 3313 849 3382 depositum

342 3402 392 3453 per
419 3385 574 3438 cautionem
602 3385 754 3454 obligatum
782 3387 849 3450 165:

344 3460 407 3509 ante
432 3456 551 3510 iudicem
576 3473 605 3509 se
630 3456 757 3509 cautione
782 3455 849 3508 obli·

343 3543 409 3595 gare
421 3529 470 3594 693
484 3544 513 3580 se
525 3527 689 3594 placitorum
701 3527 849 3596 scripturis,

342 3615 392 3666 per
418 3597 551 3666 placitum
579 3598 701 3667 obligare
726 3602 772 3665 77;
800 3615 850 3667 per

342 3669 437 3737 placiti
462 3669 602 3723 vinculum
627 3687 643 3722 a
667 3669 756 3723 iudice
782 3668 849 3722 obli-

343 3740 449 3808 gandus
476 3743 525 3807 683
553 3740 729 3793 sacramentis
757 3757 850 3793 coram

343 3810 434 3863 iudice
452 3827 481 3862 se
497 3810 619 3880 obligare
636 3815 686 3878 493
705 3829 755 3880 per
767 3811 850 3880 scrip·

343 3884 405 3932 ture
424 3880 521 3934 seriem
540 3881 644 3948 aliquos
663 3883 717 3937 obl.
736 3885 798 3937 222.

308 3950 455 4020 obligatio:
481 3951 678 4022 obligationum
704 3953 850 4021 scripturas

344 4023 453 4091 exigere
485 4027 551 4091 135:
582 4024 716 4092 scriptura
746 4024 850 4092 obliga-

343 4093 425 4146 tionis
445 4097 504 4150 136.

309 4167 496 4219 obmutescere
515 4167 575 4221 183.

308 4237 441 4290 obnoxius
461 4238 670 4292 157.165.189.
690 4239 754 4304 306;
773 4235 851 4304 gravi

343 4308 579 4375 culpaobn.138;
598 4324 648 4376 pro
667 4307 850 4360 satisfactione

343 4379 406 4435 obn.
434 4382 495 4434 204.
523 4381 588 4446 2273
617 4395 759 4432 causarum
787 4379 849 4434 obn.

345 4452 396 4506 166
408 4467 446 4516 sq.

882 757 996 825 obsequi
1015 760 1074 813 149.

882 829 1057 897 obsequium:
1084 827 1141 883 obs.
1161 827 1227 894 (vel)
1243 825 1427 895 patrocinium

919 902 1057 968 174.186;
1075 898 1186 968 patroni
1205 898 1365 965 obsequium
1379 901 1426 964 133

917 971 987 1023 nulli
1012 970 1143 1037 obsequio
1168 973 1306 1022 reservato
1330 985 1427 1021 manu·

918 1041 1028 1095 mittere
1040 1044 1107 1108 3083
1121 1057 1197 1093 arma
1207 1040 1365 1109 (saionibus)
1376 1056 1428 1107 pro

919 1112 1049 1180 obsequio
1073 1111 1145 1178 data,
1171 1111 1272 1164 donata
1296 1115 1337 1166 13.
1359 1113 1427 1178 1493

918 1183 948 1236 in
966 1183 1127 1250 obsequium
1149 1182 1280 1236 ecclesiae
1298 1198 1427 1234 conmen-

919 1253 985 1321 dati,
1010 1253 1146 1321 obsequiis
1172 1253 1301 1306 eeclesiae
1325 1252 1428 1306 manci-

919 1325 977 1393 pati
997 1329 1056 1381 144.
1077 1328 1137 1380 145.

883 1397 1042 1466 obsignare:
1079 1397 1191 1449 domum
1222 1395 1338 1448 alienam
1370 1394 1429 1448 sine

919 1467 991 1536 regis
1019 1469 1063 1521 vel
1093 1466 1191 1520 iudicis
1220 1466 1339 1519 iussione
1370 1467 1427 1519 obs.

919 1543 987 1607 2283
1016 1539 1098 1592 anulo
1127 1537 1224 1590 iudicis
1253 1541 1301 1590 aut
1328 1537 1428 1590 saionis

920 1610 990 1662 ostia
1030 1609 1174 1677 obsignata
1213 1611 1282 1677 286;
1329 1608 1429 1661 saionis

921 1681 1002 1762 anulo
1016 1680 1189 1750 obsignatum
1201 1683 1267 1748 287;
1284 1678 1367 1733 iussio
1381 1680 1428 1732 ob·

885 1755 1132 1950 obzitsgitrgiiaaiiiquid
1148 1839 1198 1890 per
1216 1821 1347 1874 iudicium
1366 1800 1427 1876 227.

885 1965 999 2034 occasio,
1025 1964 1149 2017 hoccasio
1174 1967 1217 2019 49.
1242 1965 1428 2019 5968183.

922 2039 981 2093 184.
1009 2038 1068 2091 193.
1097 2039 1159 2090 222.
1187 2038 1247 2090 250.
1275 2037 1337 2090 251.
1366 2037 1428 2090 262.

920 2111 981 2163 267.
991 2110 1053 2163 291.
1063 2109 1128 2174 303;
1144 2131 1175 2149 =
1189 2107 1303 2158 conditio
1314 2109 1356 2161 12.
1368 2107 1427 2161 147.

885 2177 1180 2305 0111131011111
1187 2179 1309 2300 m
1327 2193 1429 2300 aaa

922 2288 982 2376 196.
1012 2289 1081 2387 21’8;
1118 2319 1257 2387 proximos
1289 2290 1429 2388 sanguinis

921 2408 984 2444 suos
1012 2407 1036 2446 0.
1065 2393 1126 2446 201.
1153 2394 1221 2458 202;
1253 2389 1298 2441 fur
1325 2389 1430 2442 occisus

921 2466 987 2544 2.11;
1002 2465 1101 2543 ‘raptor
1114 2479 1138 2543 0.
1153 2464 1219 2529 106;
1238 2462 1348 2542 011197.
1362 2464 1429 2526 232;

921 2530 1304 2669 aestimastis?
1317 2531 1429 2670 04:23.

921 2674 1063 2728 dominum
1090 2674 1187 2728 domus
1217 2673 1375 2727 hoccidere:
1408 2673 1431 2725 si

920 2746 979 2814 ipse
1010 2745 1094 2798 fuerit
1124 2745 1242 2810 occisus,
1272 2745 1429 2797 nullatenus

921 2817 1076 2883 requiratur
1107 2819 1173 2885 1853
1211 2815 1316 2868 domini
1351 2819 1429 2868 extra

921 2887 1039 2940 iudicem
1064 2904 1156 2940 servos
1183 2903 1246 2939 suos
1273 2885 1429 2940 occidentes

923 2963 990 3027 1953
1009 2975 1102 3012 servus
1121 2958 1220 3010 iniuste
1239 2958 1342 3010 occisus
1360 2962 1428 3026 2303

923 3031 1042 3083 alienum
1079 3045 1187 3082 servum
1221 3029 1265 3081 vel
1301 3028 1429 3081 ancillam

922 3100 1047 3154 occidere
1068 3103 1133 3168 1963
1160 3099 1207 3166 qui
1231 3100 1364 3166 incautus,
1389 3099 1429 3151 in-

923 3171 1063 3238 discretus,
1072 3171 1165 3225 iocans
1174 3171 1337 3239 percussisse
1347 3174 1429 3238 atque

923 3242 1052 3296 occidisse
1062 3242 1219 3310 quempiam
1228 3241 1354 3294 videatur
1365 3245 1428 3310 1943

921 3313 1097 3379 volumtarie‚
1128 3329 1184 3366 non
1214 3330 1278 3366 casu
1304 3312 1429 3366 occidere

924 3388 990 3453 195;
1010 3401 1073 3438 casu
1092 3387 1192 3440 0.195.
1211 3388 1278 3452 202;
1297 3400 1348 3451 per
1367 3401 1429 3436 cau-

921 3459 980 3508 tam
992 3455 1163 3523 disciplinam
1176 3471 1200 3508 o.
1213 3455 1351 3508 hominem
1365 3457 1429 3522 193;

922 3527 970 3594 qui
988 3527 1082 3580 nolens
1101 3527 1218 3579 alterum
1236 3524 1337 3578 occidit
1364 3529 1429 3592 1933

923 3597 970 3665 qui
997 3597 1121 3652 nesciens
1145 3597 1286 3651 hominem
1312 3612 1336 3651 0.
1363 3599 1429 3664 1923

921 3669 1053 3736 proximis
1078 3667 1160 3722 occisi
1183 3667 1342 3737 parentibus
1365 3684 1430 3722 0011-

921 3756 1024 3807 ponere
1045 3743 1108 3808 1973
1130 3739 1245 3793 heredes
1264 3738 1345 3792 occisi
1363 3742 1430 3806 2013

922 3811 1002 3879 patri,
1028 3811 1110 3864 matri
1129 3817 1172 3866 etc.
1197 3810 1357 3878 parentibus
1376 3813 1429 3862 tra-

922 3882 1011 3950 datur,
1030 3886 1061 3935 ut
1079 3881 1222 3936 occidendi
1234 3884 1282 3933 aut
1293 3879 1430 3934 vendendi

923 3969 985 4006 eum
1016 3953 1136 4006 habeant
1165 3955 1330 4020 potestatem
1361 3954 1429 4016 215;

922 4024 1012 4092 arbor,
1031 4023 1098 4077 dnm
1116 4023 1202 4092 cadit,-
1220 4023 1340 4090 aliquem
1359 4023 1429 4076 occi·

923 4095 989 4148 dens
1016 4098 1084 4164 2363
1114 4125 1146 4134 -
1175 4094 1276 4148 animal
1304 4093 1429 4147 occidere

922 4169 983 4222 245.
1002 4169 1063 4222 247.

887 4237 1040 4291 occultare:
1071 4237 1175 4290 crimen
1202 4234 1331 4290 occultati
1359 4234 1430 4288 servi

887 4310 1050 4432 ocgilbtator:
1071 4378 1105 4432 de
1124 4377 1244 4448 fugitivis
1263 4380 1291 4431 01
1309 4377 1429 4430 0000110·

922 4450 1027 4504 toribus
1053 4453 1122 4518 23ος
1153 4449 1285 4503 damnum
1312 4448 1429 4502 occulta·
