3218 5202
316 553 368 605 108
502 547 580 603 Lux
598 547 713 605 VISIG.
731 545 1001 603 Rectussviru).
1037 547 1092 616 Ill,
1110 552 1248 614 4,13.14.

315 733 525 815 propincusp
559 730 675 794 mariti
705 731 862 795 adultere
893 731 956 795 sub
986 732 1051 795 hac
1076 731 1312 796 disnictioneq
1340 751 1434 795 accu-

314 820 414 884 sandi
441 820 633 884 adulteram
662 819 717 884 lex
745 823 819 883 star
847 819 1038 896 constituit,
1069 823 1119 896 ut,
1150 820 1180 883 si
1206 820 1435 884 accusationis

314 909 418 972 huius
448 909 610 972 fiduciam
640 908 868 983 adsumentes,
900 908 1110 972 adulterium
1139 908 1293 973 mulieris
1316 928 1434 972 eorum

314 997 537 1081 inquisitione
553 997 754 1062 maincia*
776 993 962 1080 paraenet,
986 1000 1060 1060 iam
1084 997 1178 1061 ciis1¹
1197 997 1356 1061 adultere
1372 997 1436 1060 sni
1463 1027 1483 1061 η.
1499 1027 1523 1062 t.
1587 957 1589 1038 i

315 1107 356 1150 ex
385 1087 459 1169 ipso
489 1085 559 1149 iam
581 1087 745 1168 tempore,
777 1105 844 1168 quo
875 1085 1033 1149 convicta
1061 1084 1169 1150 iuerit
1198 1085 1269 1150 tale
1299 1085 1435 1149 facinus

314 1176 994 1339 {luititiiiitiiiiiiiiii
1014 1175 1435 1328 {instititutis

315 1352 376 1415 sin
399 1355 515 1416 autem
539 1351 603 1414 filii
625 1354 819 1434 suprestes*
846 1351 1008 1428 existunt,
1040 1353 1076 1415 et
1104 1355 1223 1416 tamen
1252 1355 1343 1416 autW
1365 1373 1436 1416 non

315 1441 468 1505 eiusdem
498 1440 614 1516 etatis,
648 1441 710 1502 aut
739 1438 820 1503 talis
851 1439 1076 1524 experientie,
1109 1440 1169 1523 qui
1198 1440 1351 1505 mulieris
1380 1442 1437 1504 ad-

314 1529 478 1593 ulterium
494 1548 653 1594 accusare
664 1528 720 1593 vel
733 1528 956 1592 convincere¹
972 1531 1196 1612 conpetenter
1210 1529 1396 1593 intendant
1405 1535 1434 1606 l,

313 1622 398 1682 tunc
422 1617 482 1681 illc
505 1617 690 1701 propincus
713 1616 839 1691 mariti,
870 1616 929 1700 qui
957 1617 1180 1681 manifestum
1203 1617 1357 1682 mulieris
1380 1618 1436 1681 ad·

314 1706 480 1770 ulterium
495 1706 590 1769 ultus
606 1705 722 1781 fuerit,
747 1705 904 1788 quintam
928 1708 1062 1788 partem
1082 1705 1261 1770 facultatis
1278 1706 1436 1772 adultere

314 1815 376 1879 pro
407 1794 525 1858 labore
555 1814 617 1857 suo
648 1794 858 1877 percipiat¹;
895 1797 1060 1876 quattuor
1094 1796 1211 1858 autem
1245 1797 1360 1878 partes
1391 1795 1436 1858 ad

313 1884 488 1966 integrum
518 1882 752 1966 predictorum
782 1882 846 1945 filii
876 1882 942 1946 sibi
970 1882 1147 1946 vindicent
1171 1903 1210 1947 ac
1235 1883 1435 1947 defendant.

314 1972 404 2034 Nam
428 1971 466 2047 si,
498 1974 559 2034 aut
589 1969 859 2055 propinquorum
888 1971 925 2034 in
956 1971 1021 2035 hac
1051 1973 1149 2055 parte
1178 1971 1345 2056 tepiditas
1375 1975 1436 2035 aut

315 2060 464 2123 filiorum
479 2058 720 2143 neglegentia⁸
740 2059 795 2124 rel
810 2059 958 2122 fortasse
974 2059 1125 2123 muneris
1148 2060 1304 2143 acceptio
1327 2064 1435 2124 utros-

315 2169 380 2231 que
405 2141 658 2232 corrumpensb,
687 2147 827 2212 minime
850 2147 958 2211 fuerit
980 2147 1119 2212 eadem⁰
1149 2149 1239 2212 actio
1263 2169 1284 2211 a
1305 2148 1435 2212 talibus

315 2237 467 2320 personis
497 2237 644 2320 quesita,
681 2236 763 2299 dum
793 2236 838 2299 ad
867 2231 1019 2319 regiam‘¹
1053 2237 1285 2320 cognitionem
1315 2238 1434 2302 eadem

316 2345 418 2388 causa
441 2325 643 2409 pervenerit,
669 2325 741 2408 ipse
765 2324 1007 2408 proculdubio
1028 2326 1317 2408 promercedem⁰
1339 2347 1435 2389 suam

316 2407 548 2478 constiturusf
574 2417 636 2490 est,
660 2413 715 2477 vel
739 2434 760 2476 a
782 2418 872 2496 quog
898 2413 1023 2478 debeat
1052 2413 1124 2478 tale
1153 2415 1332 2497 negotium
1363 2436 1435 2498 pro·

315 2503 420 2586 sequi,
437 2502 493 2567 vel
516 2506 684 2588 quantum
708 2505 908 2585 prosecutor
924 2502 1084 2566 derebus
1100 2502 1265 2567 scelerate
1282 2503 1435 2567 mulieris

315 2583 399 2674 proh
418 2591 596 2655 commodo
620 2591 674 2654 sui
693 2583 841 2654 laborish
860 2590 1102 2655 incunctanter
1118 2585 1296 2674 consequii
1316 2593 1434 2675 possit.

315 2680 443 2744 Verum
467 2680 548 2804 quia
571 2679 715 2744 difficile
739 2678 813 2742 fieri
836 2681 959 2761 potest,
984 2682 1025 2742 ut
1048 2699 1109 2763 per
1124 2679 1250 2743 liberas
1274 2700 1435 2764 personas

314 2768 468 2832 mulieris
531 2768 740 2832 adulterium
778 2767 971 2850 indagetur,
1011 2768 1094 2831 dum
1131 2768 1332 2852 frequenter
1370 2769 1435 2833 hcc

313 2850 459 2920 uitiumk
485 2856 621 2921 occulte
645 2849 853 2940 perpetraril
875 2856 921 2919 sit
944 2855 1094 2934 solitum,
1119 2857 1273 2940 proinde,
1297 2858 1435 2940 quando

314 2946 358 3008 ad
382 2945 654 3010 convincendum
685 2944 895 3008 adulterium
923 2947 1082 3009 accusate
1105 2944 1258 3009 mulieris
1281 2946 1435 3029 ingenui-

314 3037 368 3097 tas
391 3034 530 3097 cmnino
554 3033 714 3108 defuerit,
746 3033 911 3116 predictis
940 3034 1103 3117 personis,
1135 3034 1259 3116 quibus
1283 3035 1356 3099 eius
1380 3035 1435 3098 ad-

314 3122 479 3187 ulterium
495 3142 655 3187 accusare
671 3121 823 3205 presenti
842 3121 919 3204 lege
935 3122 1137 3204 permissum
1153 3125 1215 3199 est,
1240 3123 1306 3187 hoc
1330 3124 1435 3187 etiam

314 3214 432 3294 aperte
456 3211 592 3274 licitum
615 3210 690 3286 erit,
715 3212 756 3272 ut
778 3230 839 3293 per
862 3210 1076 3293 questionem
1098 3210 1231 3275 familie
1255 3211 1435 3295 utriusque

314 3299 446 3363 domini
468 3301 627 3362 accusate
643 3298 795 3363 mulieris
820 3298 1029 3363 adulterium
1050 3319 1164 3363 coram
1186 3300 1300 3364 iudice
1323 3301 1435 3364 iustis-

313 3387 398 3452 sime
420 3387 626 3470 requiratur.

717 3486 815 3542 xiiii.
847 3485 1030 3556 numqui.

314 3582 358 3644 Si
385 3581 601 3664 ingenuus
630 3581 719 3644 sive
747 3601 896 3646 servus
919 3583 1133 3666 virginem
1164 3586 1238 3646 aut
1261 3583 1434 3647 viduam

313 3670 545 3752 ingenuam
577 3667 799 3734 violenter
833 3670 1050 3754 polluisse
1085 3671 1335 3737 adulterioa
1369 3673 1433 3737 de·

776 3761 965 3842 tegatur

422 3863 481 3927 si1
509 3863 649 3927 viduam
684 3864 827 3948 quisque
860 3865 916 3930 vel
949 3866 1117 3950 virginem
1151 3867 1338 3950 ingenuam
1367 3867 1433 3932 vio-

313 3954 426 4017 lenter
464 3951 728 4016 adulterandam
767 3955 994 4037 conpresserit
1027 3955 1083 4019 vel
1117 3956 1242 4039 istupri
1275 3955 1433 4019 forsitam

405 4091 443 4140 p)
458 4089 597 4139 propinquos
612 4089 658 4131 lis.
720 4087 908 4138 quiscrestione
922 4091 968 4133 its.
1027 4092 1048 4143 r)
1061 4092 1105 4132 ists
1119 4093 1165 4134 Rs.
1220 4093 1240 4143 s)
1253 4093 1375 4132 manifeste
1388 4093 1434 4134 Μ.

313 4145 331 4191 t)
345 4143 461 4191 patuerint
475 4143 521 4185 ΕΙ,
569 4141 593 4192 ιι)
606 4142 663 4182 decet
676 4143 722 4185 ΒΞ,
768 4144 791 4191 v>
805 4144 933 4192 subprestes
948 4145 994 4187 Bt.
1035 4147 1064 4192 w)
1079 4146 1135 4184 deest
1149 4147 1196 4188 121.
1244 4147 1268 4194 x>
1282 4146 1375 4186 vincere
1388 4147 1434 4188 Rs.

312 4192 543 4247 y)iuderidsutR1.
592 4198 612 4243 s)
626 4196 736 4245 percipiet
749 4192 795 4238 nr.
850 4199 871 4244 a)
886 4198 1022 4246 necligeutie
1036 4199 1082 4241 Μ.
1136 4198 1160 4250 b)
1173 4210 1268 4248 quorum
1282 4199 1379 4248 pessime
1390 4211 1434 4247 pro

313 4250 435 4291 cmlii.
489 4246 690 4304 o)eundeuilti.v
736 4247 759 4297 d)
774 4250 837 4298 regis
850 4251 897 4293 121.
945 4253 966 4299 e)
980 4249 1084 4292 mercede
1098 4262 1139 4292 sue
1153 4253 1199 4295 Μ,
1247 4252 1433 4303 oiteRHlQ

313 4301 569 4344 constitutionum.
630 4304 652 4351 g)
667 4300 787 4351 quode.
849 4304 926 4353 h)pr0
941 4303 1064 4344 -iebcris
1078 4306 1181 4348 tani.
1236 4305 1252 4354 i)
1267 4306 1435 4355 prosequier.

314 4355 337 4402 k)
351 4355 451 4394 mulieris
466 4375 492 4383 -
506 4355 586 4394 vitium
601 4356 647 4399 Rs.
701 4355 717 4404 i)
731 4360 874 4404 perpetrasse
884 4368 929 4406 pro
943 4368 964 4406 p.
978 4358 1009 4397 sit
1022 4356 1068 4401 Rl.

420 4407 494 4450 XIIII.
534 4405 706 4455 madulanum
719 4410 765 4451 131.

315 4515 341 4580 1)
359 4513 400 4578 cs.
420 4514 556 4579 cruam,
578 4513 622 4568 ‘a
642 4514 713 4568 nex
731 4515 771 4579 rr,
790 4533 817 4582 p.
831 4513 891 4570 cer.

1587 1417 1591 1626 i

1588 2015 1592 2170 Ι
