3220 5212
379 513 458 568 LEX
476 513 590 572 VISIO.
609 513 879 570 REOOESSVIND.
916 513 939 582 I,
959 518 984 583 2,
1004 517 1081 571 3-6.
1254 519 1287 571 31

166 699 333 784 plectitur
357 701 392 762 et
415 701 604 775 senectute,
634 702 708 762 tam
738 697 966 782 prudentibus
997 718 1098 780 quam
1129 699 1286 776 indoctis,

164 793 239 852 tam
266 787 408 851 urbanis
438 807 542 870 quam
569 787 707 850 rusticis
737 787 858 862 fertur,
895 791 981 869 que⁰
1015 792 1205 850 summum⁰
1239 808 1287 851 sa-

167 878 252 940 lutis
276 877 471 961 principum
494 877 561 940 hac
584 875 790 960 populorum
814 875 951 940 culmen
975 875 1119 953 obtinet,
1151 881 1186 940 et
1210 898 1288 941 cum

166 961 374 1030 manifestod
406 964 627 1049 preclaroque
658 965 819 1048 preconio
849 965 885 1027 in
915 966 1056 1029 modum
1085 965 1288 1029 lucidissimi

167 1055 249 1119 solis
273 1054 446 1137 effulgit0.

463 1231 554 1295 IIII.
591 1229 743 1310 Qualis
767 1231 853 1296 erit
876 1231 983 1295 lex².

272 1355 367 1420 Lex1
390 1357 456 1419 erit
479 1355 665 1420 manifesta
688 1375 751 1419 nec
775 1375 981 1438 quemquam
1006 1356 1043 1418 in
1067 1349 1282 1439 captionemb

166 1446 293 1510 civium
323 1445 514 1509 devocabit.
568 1444 644 1507 Erit
675 1445 864 1508 secundum
894 1447 1067 1519 naturam,
1099 1446 1284 1508 secundum

166 1535 454 1599 consuetudinem
488 1533 653 1610 civitatis,
695 1533 771 1597 loco
810 1537 1032 1617 temporeque
1071 1533 1285 1611 conveniens,

164 1625 257 1686 iusta
291 1627 345 1686 et⁰
382 1622 556 1705 equabilia
590 1617 837 1706 prescribensd,
874 1625 1102 1704 congruense,
1141 1623 1288 1686 honesta

165 1715 201 1776 et
225 1712 339 1795 digna,
365 1710 496 1789 hutilis,
521 1711 722 1784 necessaria,
747 1712 875 1793 inqua
899 1711 1146 1795 previdendum
1171 1714 1288 1775 estex

164 1801 356 1876 hutilitate,
380 1821 446 1883 que
467 1801 693 1884 pretenditur,
719 1793 887 1883 ampliusf
912 1801 1091 1878 commodi,
1116 1793 1284 1884 ampliusf

163 1890 358 1972 iniquitatis
389 1890 529 1966 oriatur,
560 1894 600 1952 ut
632 1889 763 1953 dinosci
792 1889 914 1973 possit,
950 1889 978 1952 si
1009 1889 1086 1973 plus
1116 1889 1283 1953 ueritatig

163 1979 352 2064 prospiciat
375 1978 523 2062 publice,
555 1999 659 2061 quam
686 1969 871 2060 religionih
898 1978 1058 2041 videatur
1082 1977 1209 2055 obesse,
1243 1999 1287 2042 an

163 2069 253 2132 etsi
277 2060 514 2131 honestatemi
543 2060 690 2130 tueturk
721 2070 756 2131 et
787 2088 857 2130 non
886 2087 964 2130 cum
988 2067 1110 2130 salutis
1135 2067 1287 2150 periculo

165 2157 293 2240 arguit.

509 2281 549 2343 V.
587 2278 729 2359 Quare
752 2280 810 2343 fit
833 2280 910 2344 lex.

274 2405 388 2469 Fieri2
412 2407 529 2468 autem
545 2403 638 2486 leges
663 2408 698 2468 et
721 2404 831 2467 ratioa
851 2405 953 2487 cogit,
978 2407 1018 2466 ut
1035 2398 1172 2468 earumb
1192 2409 1288 2469 metu

163 2497 320 2558 humana
344 2497 543 2557 coerceatur
565 2493 763 2577 inp'rovitas,
793 2493 925 2576 sitque⁰
953 2496 1033 2556 tuta
1055 2494 1147 2557 inter
1168 2495 1287 2557 noxios

163 2583 406 2647 innocentium
421 2583 502 2659 vita,
528 2583 639 2664 adque
662 2582 700 2644 in
720 2582 802 2665 ipsis
826 2583 979 2665 inprobis
1002 2582 1189 2646 formidato
1213 2603 1287 2667 sup·

163 2673 272 2757 plicio
295 2672 452 2736 trenetur
475 2671 623 2736 nocendi
646 2671 868 2755 presumptio.

285 2849 346 2912 VI.
384 2848 503 2928 Quod
526 2850 766 2933 triumphet
791 2850 839 2913 de
863 2849 1068 2912 hostibus
1092 2847 1168 2912 lex.

276 2973 341 3036 His
365 2974 401 3036 in
418 2974 606 3037 domestica
629 2994 713 3058 pace
732 2975 803 3037 itaa
823 2973 995 3057 perfectis,
1019 2976 1163 3054 totaque
1179 2973 1288 3055 primo

164 3085 187 3128 a
212 3063 435 3146 principibus,
461 3063 611 3126 secundo
635 3083 656 3126 a
680 3055 846 3140 civibusb,
871 3062 994 3126 exhinc
1019 3083 1039 3125 a
1062 3060 1198 3145 populis
1217 3065 1289 3125 eta

165 3154 271 3216 domo
294 3151 484 3234 iurgiorum
507 3155 603 3235 peste
627 3151 769 3228 seclusa,
802 3152 973 3215 eundum⁰
1002 3151 1114 3214 estin
1138 3151 1288 3214 adversis

164 3245 204 3306 et
221 3239 431 3304 obviandum
447 3241 605 3304 hostibus
621 3239 861 3325 potentialiter
876 3241 963 3303 haca
983 3239 1164 3316 fidentera,
1188 3243 1289 3302 tanto

162 3330 203 3393 in
229 3329 378 3393 externis
402 3348 461 3413 spe
485 3329 555 3392 fida
577 3330 730 3406 victorie,
755 3323 907 3411 quanto‘1
933 3328 1003 3391 1111θ
1033 3329 1108 3404 erit,
1133 3329 1225 3410 quod
1249 3349 1289 3392 ex

162 3418 314 3482 internis
336 3411 537 3481 formidarif
556 3417 671 3482 valeat
695 3421 756 3481 aut
778 3418 904 3482 timeri.
940 3417 1061 3480 Pacisg
1080 3418 1171 3481 euim
1187 3417 1289 3481 holeo

163 3512 204 3572 et
234 3506 351 3590 legum
378 3499 480 3570 uinoh
510 3510 587 3570 tota
616 3507 770 3591 plebium
799 3526 911 3570 massa
940 3507 977 3568 in
1007 3506 1116 3569 istatu
1146 3505 1289 3569 salutari

163 3599 331 3660 concreta
341 3588 498 3660 exhereti
514 3595 670 3659 hostibus
681 3589 905 3672 indevictosk,
919 3595 1011 3657 unde
1021 3594 1148 3659 inlesos
1159 3598 1253 3658 artus
1262 3589 1287 3671 ¹,

277 3786 297 3832 c)
311 3785 437 3832 Quesumus
451 3785 471 3824 R
481 3787 500 3828 1.
554 3783 578 3834 d)
592 3786 722 3825 manifestat
735 3785 755 3823 R
766 3787 785 3827 1.
839 3785 859 3832 e)
874 3784 954 3833 effugit
967 3794 1024 3826 corr.
1039 3783 1132 3833 effulget
1146 3784 1195 3826 122.

276 3839 330 3880 ΙΠΙ.
364 3840 386 3886 a)
400 3840 457 3878 deest
470 3839 520 3881 ΕΙ.
574 3840 596 3886 b)
611 3839 644 3876 ita
657 3838 989 3887 R1.E1.2;caption0122.
1045 3840 1065 3885 c)
1079 3838 1228 3886 aequalisque
1241 3839 1289 3879 Ra.

164 3891 190 3940 d)
206 3892 348 3940 perscribens
363 3893 412 3934 122.
466 3895 487 3940 e)
502 3893 651 3932 concumbens
666 3892 715 3933 ΕΙ.
768 3891 1036 3941 simplius-amplius
1051 3891 1099 3933 121.
1109 3891 1128 3932 2.
1142 3891 1195 3941 Er,
1211 3892 1289 3929 intelli·

161 3946 262 3994 pendam
275 3949 317 3984 est:
333 3945 563 3994 euplus-snmus,
579 3946 636 3995 quod
645 3946 737 3994 praebet
750 3945 797 3987 ΕΞ,
851 3948 873 3994 g)
888 3945 1009 3984 veritatem
1022 3945 1072 3986 121.
1126 3945 1150 3991 h)
1164 3945 1226 3993 regio
1240 3945 1289 3986 Rl.

165 3999 183 4050 i)
199 3999 319 4038 honestate
333 3999 354 4037 R
364 3999 383 4040 1.
437 3998 461 4046 k)
475 4000 508 4036 ita
521 4000 541 4038 R
551 4001 570 4042 1.
584 3999 638 4046 EQ·
653 4003 744 4038 tueatur
757 3999 777 4036 R
787 4000 806 4041 2.
820 3998 868 4041 Ε2,

276 4052 303 4093 V.
330 4053 352 4100 a)
367 4051 406 4092 ills
420 4053 470 4094 add.
485 4052 534 4095 122.
587 4052 611 4104 b)
626 4053 707 4091 iterum
722 4052 772 4094 ΕΙ.
826 4053 846 4100 c)
861 4051 925 4100 sique
939 4051 989 4092 1³1.

276 4105 314 4148 VI.
355 4107 378 4152 a)
392 4107 448 4144 deest
462 4105 525 4156 Ru,
578 4105 602 4157 b)
615 4105 754 4154 principibus
769 4105 818 4146 Rl.
883 4104 903 4155 c)
918 4101 1014 4144 eundem
1028 4103 1082 4155 R1;
1104 4101 1227 4143 secundum
1241 4103 1290 4146 Rs.

164 4157 192 4206 d)
208 4163 317 4206 quantum
331 4159 380 4199 131.
429 4161 449 4207 e)
463 4169 506 4198 nec
520 4158 569 4201 lii.
623 4157 777 4206 oformidsre
791 4158 841 4200 Rl.
894 4159 916 4206 g)
931 4158 1000 4196 facies
1014 4157 1063 4199 121.
1111 4159 1135 4206 h)
1149 4157 1227 4196 vinum
1241 4157 1290 4198 Μ.

163 4212 183 4260 i)
200 4216 280 4251 exeret
293 4213 313 4250 R
322 4212 342 4263 23
358 4212 373 4254 i.
383 4221 399 4254 e.
410 4215 505 4253 exseret.
546 4211 570 4260 k)
584 4213 616 4250 ita
625 4212 645 4250 R
655 4213 680 4260 2,·
694 4210 822 4251 indevictus
832 4211 852 4250 R
860 4212 883 4262 1;
899 4209 953 4251 inde
963 4211 1059 4250 invictos
1069 4211 1095 4253 Ε.
1136 4211 1152 4259 l)
1166 4215 1226 4250 artos
1241 4212 1262 4249 R
1271 4211 1289 4252 2.

167 4353 198 4422 1)
215 4353 273 4406 Hoc
289 4360 369 4422 caput
386 4370 486 4420 mapsa
505 4369 537 4406 cx
552 4361 632 4422 parte
653 4354 690 4405 od
707 4353 813 4406 verbum
838 4354 954 4406 convenit
978 4368 1037 4404 cum
1054 4353 1157 4404 Isidori
1173 4353 1289 4418 Etymol.

169 4425 206 4562 g}
224 4441 247 4551 Ξ.
259 4427 303 4552 Ξό
375 4426 402 4492 2)
420 4426 465 4478 Ad
483 4425 589 4478 cabum
608 4426 663 4490 fere
681 4427 796 4478 convenit
814 4425 861 4477 hoc
878 4430 958 4492 eaput
979 4439 1038 4476 cum
1055 4424 1158 4476 Isidori
1175 4424 1290 4489 Etymol.
