3198 5202
364 486 442 541 LEX
461 486 575 543 VISIG.
595 487 863 546 REOOESSVIND.
899 490 950 560 XI,
970 495 995 558 3,
1014 495 1093 548 2-4.
1238 495 1290 552 295

169 673 312 748 habent,
343 672 461 736 nullus
490 673 532 736 de
560 672 698 736 sedibus
725 673 851 737 nostris
876 692 932 736 eos
957 675 1075 738 audire
1099 681 1288 758 presumat;

170 762 237 824 nisi
271 762 513 824 tantummodo
548 762 619 824 suis
653 761 788 844 legibus
821 762 1008 825 audiantur
1043 768 1128 847 aput
1161 765 1289 828 telona-

169 843 262 912 riosb
291 871 369 914 suos
380 849 401 910 1.

591 967 647 1023 ΠΙ.
677 966 864 1036 animun.

194 1080 236 1143 Si
270 1079 592 1143 transmarinus
631 1081 887 1162 negotiator
922 1085 1268 1159 mercennarium

260 1169 334 1232 dea
361 1168 472 1232 loeis
502 1169 668 1232 nostris
698 1189 840 1232 seeum
869 1166 1199 1236 transtuleritb.

277 1275 404 1338 Nullus
431 1275 682 1338 transmarinus
711 1277 908 1358 negotiator
936 1278 978 1342 de
1002 1278 1141 1341 sedibus
1164 1281 1289 1342 nostris

171 1365 443 1428 mercennarium
459 1364 587 1428 audeat
609 1365 647 1425 in
662 1363 746 1427 locis
766 1365 836 1428 suis
851 1366 1049 1429 transferre.
1087 1365 1153 1444 Qui
1170 1372 1290 1432 eontra

170 1454 236 1517 hoe
266 1453 381 1516 venire
411 1453 624 1529 tentaverit,
660 1453 790 1516 inferat
824 1454 905 1518 fisco
940 1459 1058 1519 nostro
1091 1456 1167 1518 auri
1201 1456 1290 1520 libra

169 1562 275 1605 unam
300 1544 335 1605 et
358 1545 514 1624 preterea
537 1552 558 1605 O
581 1541 721 1624 flagella
744 1543 917 1626 suscipiat.

585 1711 657 1768 nn.
688 1711 872 1782 annisus.

204 1825 248 1888 Si
274 1825 597 1889 transmarinus
627 1827 883 1908 negotiator
910 1827 1257 1890 mercennarium

408 1934 482 1996 pro
513 1915 758 1978 eonmereio
789 1915 1049 1998 susceperit.

277 2019 314 2083 si
341 2020 417 2102 quis
445 2020 695 2083 transmarinus
723 2021 920 2103 negotiator
947 2022 1220 2087 mercennarium
1248 2025 1291 2086 de

171 2109 308 2172 sedibus
332 2109 457 2172 nostris
480 2129 541 2193 pro
558 2110 772 2191 vegetando³
792 2110 985 2173 conmereio
1009 2111 1206 2194 susceperit,
1231 2113 1291 2176 det

171 2218 231 2280 pro
266 2198 433 2261 beneficio
468 2198 540 2261 eius
562 2197 705 2288 ,solidus
739 2201 809 2262 tres
845 2218 906 2281 per
937 2219 1067 2261 annum
1096 2220 1219 2277 unum,
1256 2204 1291 2263 et

170 2285 421 2350 nihilhominus
452 2285 585 2369 inpleto
617 2286 745 2369 placito
777 2307 912 2350 servum
941 2287 1080 2351 domino
1103 2288 1291 2352 reformare

171 2379 325 2458 cogatur.

278 2548 301 2596 b)
316 2547 445 2588 tellonsrlos
459 2547 508 2589 132.

277 2601 320 2642 111.
367 2603 389 2649 a)
407 2612 447 2649 pro
463 2600 586 2640 eonmertio
599 2599 725 2648 susceperit
738 2611 783 2648 pro
802 2597 830 2638 de
848 2621 874 2628 -
892 2599 1034 2639 transtulerit
1052 2600 1099 2642 Ra.
1176 2600 1200 2647 b)
1218 2604 1291 2640 trans·

171 2653 265 2693 tulerint
278 2655 325 2695 ΕΙ.

277 2708 331 2750 1111.
372 2709 394 2756 a)
408 2705 529 2758 vegetandi
544 2710 691 2750 conmestinm
705 2711 751 2752 Bl.

171 2851 197 2918 1)
215 2851 256 2914 Cf.
276 2850 368 2917 Data,
390 2851 512 2916 ‘Ktaipe’
529 2851 594 2916 1112,
619 2870 647 2920 p.
666 2853 719 2907 283
731 2868 768 2919 sq.
788 2858 811 2903 et
829 2852 859 2902 ia
879 2852 920 2906 (Ζ.
939 2852 961 2915 f.
979 2851 1188 2903 Hundelsreeht’
1207 2852 1286 2917 XVI,

166 2941 194 2989 p.
208 2925 260 2976 396
273 2939 345 2989 sqq.‚·
362 2922 394 2977 L.
410 2923 600 2988 Goldsehms'dt,
616 2923 732 2977 ‘Haradu
746 2924 772 2976 d.
785 2922 1004 2974 Handelsrachts’
1017 2923 1035 2974 Ι
1040 2921 1058 2988 ³,
1075 2940 1104 2990 p.
1116 2925 1177 2987 105,
1196 2939 1223 2977 a.
1237 2925 1288 2984 32;

166 3012 195 3061 p.
209 2996 269 3058 192,
294 3010 321 3048 a.
336 2996 395 3048 167.
424 3023 455 3031 -
482 2994 565 3045 Data
589 2995 741 3046 ‘telmaurios
763 2994 834 3045 suos’
857 2995 1052 3060 interpretatur
1076 2995 1155 3060 quau
1171 2995 1289 3046 msulae

169 3068 363 3130 nepotiatorum
374 3071 570 3132 extraneorum,
590 3066 625 3116 ab
637 3065 688 3131 his,
707 3072 739 3116 ut
754 3081 850 3116 musas
861 3066 1054 3116 commerciales
1065 3067 1136 3116 inter
1147 3081 1174 3116 ee
1186 3066 1288 3116 diiudi-

168 3143 267 3202 carent,
287 3138 450 3202 oonstitutoa
471 3138 516 3189 sed
529 3153 557 3189 eo
573 3137 656 3188 umal
673 3137 761 3201 officio
779 3138 891 3202 functos,
912 3143 942 3187 ut
959 3137 1058 3188 telonea
1076 3152 1094 3186 a
1110 3137 1290 3219 popularitas

169 3215 465 3343 assusatus
483 3207 1289 3345 tattaeus,'sustentat-tatus

169 3365 249 3416 super
272 3351 447 3414 separatores
472 3351 671 3402 transnarinos
695 3351 833 3401 commissa
859 3356 930 3415 erat,
959 3350 1098 3416 eornplara
1125 3350 1287 3412 inferiorum

168 3421 332 3472 saeuuwrum
350 3422 465 3472 ciuem
482 3422 641 3472 conditionis
658 3421 778 3487 exempla
796 3419 919 3484 afferens.
