3218 5202
312 482 349 536 88
508 475 586 534 LEX
604 475 1006 534 ἮΒΙΘ.Β.11008881ῙΠ1Β.
1043 474 1239 544 111,1,e-4.

313 664 355 724 ut
383 659 437 724 illi
466 659 584 745 puella
612 659 781 736 tradatur,
813 659 869 724 oui
898 679 919 722 a
949 661 1047 744 patre
1069 657 1126 723 vel
1150 680 1171 722 a
1194 661 1304 723 matre
1333 662 1440 742 poeta

315 741 544 814 constiterits.

526 917 581 975 m
612 915 781 974 FLAVIUS
799 916 1115 974 OHINDASVINDUS
1133 915 1222 974 REX.

487 1030 548 1096 De
578 1051 662 1094 non
692 1030 953 1095 revocandis
983 1030 1101 1093 datis
1131 1030 1253 1094 arris.

420 1135 535 1200 Dum1
558 1136 803 1220 preteritorum
826 1135 921 1200 facta
944 1133 1136 1212 recolimus,
1160 1135 1289 1199 futuris
1308 1156 1438 1219 ponere

315 1225 630 1310 presumptionibus
668 1225 855 1288 terminum
890 1223 1182 1288 consultissimum
1216 1223 1437 1288 arbitramur.

315 1313 406 1392 Quia
421 1334 502 1397 crgo
522 1316 604 1376 sunt
626 1313 791 1398 plerique,
816 1313 876 1396 qui
899 1313 992 1378 lacte
1016 1313 1208 1396 sponsionis
1230 1313 1438 1377 inmemores

313 1402 523 1486 nuptialium
546 1402 704 1466 federum
727 1401 964 1466 definitionem
987 1401 1152 1465 differant
1168 1400 1355 1485 adinplere,
1381 1401 1439 1464 ab·

313 1495 455 1575 rogarea
483 1491 583 1555 decet
606 1491 709 1553 huius
732 1491 782 1554 rei
805 1483 1016 1566 licentismb,
1045 1493 1085 1552 ut
1108 1509 1178 1553 non
1200 1489 1438 1572 unusquisque

314 1584 396 1664 pro⁰
417 1600 479 1643 suo
494 1578 584 1644 velle
608 1578 709 1642 alteri
726 1573 949 1643 dilationem*l
969 1577 1115 1642 exibeat.
1161 1578 1314 1662 Ideoque
1338 1598 1359 1641 a
1380 1579 1438 1642 die

313 1668 385 1733 late
415 1667 519 1730 huius
549 1667 635 1750 legis
666 1667 894 1742 decernimus,
930 1669 984 1743 ut,
1020 1669 1118 1730 oum⁰
1146 1666 1238 1730 inter
1268 1687 1340 1742 eos,
1376 1668 1439 1748 qui

314 1755 538 1839 disponsandi
561 1758 652 1831 sunt,
677 1755 747 1819 sive
770 1756 863 1819 inter
878 1775 996 1820 eorum
1019 1757 1179 1838 parentes
1203 1757 1264 1818 aut
1286 1755 1438 1820 fortasse

314 1845 523 1929 propinquos
547 1863 609 1927 pro
625 1843 776 1907 filiorum
790 1844 922 1928 nuptiis
939 1864 1054 1908 coram
1068 1843 1216 1908 testibus
1233 1844 1438 1926 precesserit

314 1932 479 2008 definitio,
511 1935 547 1996 et
577 1930 701 1996 anulus
731 1952 886 1996 arrarum
912 1932 1050 1996 nomine
1075 1932 1177 1995 datus
1203 1931 1333 1996 fuerit²
1355 1925 1434 1996 velf

314 2023 485 2105 acceptus,
502 2020 657 2103 quamvis
673 2021 865 2105 scripture⁸
882 2041 952 2084 non
967 2020 1211 2096 intercurrant,
1234 2019 1436 2084 nullatcnus

314 2109 492 2192 promissio
514 2108 672 2173 violetur.
719 2108 792 2173 Neo
816 2108 920 2174 liceat
943 2108 1004 2171 uni
1027 2109 1120 2192 parti
1143 2129 1240 2172 suam
1262 2108 1435 2172 inmutare

315 2197 532 2280 aliquatenus
555 2197 791 2273 volumtatem,
820 2198 849 2260 si
872 2217 951 2281 pars
975 2197 1086 2262 altera
1108 2189 1271 2280 prerere¹¹
1298 2216 1435 2261 consen·

314 2306 390 2349 sum
412 2285 579 2362 noluerit;
604 2286 665 2350 sed
688 2286 877 2350 secundum
900 2285 1012 2368 legem
1036 2278 1198 2350 alteram¹
1221 2285 1435 2350 constitutio·

313 2395 393 2439 nem
424 2374 514 2438 dotis
541 2374 683 2458 inpleta,
714 2375 916 2458 nuptiarum
938 2375 1111 2438 intereos
1134 2377 1322 2458 peragatur
1344 2374 1436 2438 festa

315 2462 508 2527 celebritas.

401 2631 472 2688 1111.
502 2631 670 2688 FLAVIUS
689 2631 904 2688 GLORIOSUS
922 2630 1233 2688 REOCESSVINDUS
1251 2631 1340 2687 Rnx.

357 2745 417 2811 Ne
455 2745 565 2809 viris
603 2746 784 2809 minoris
824 2746 961 2809 etatis
999 2745 1185 2809 maiores
1227 2745 1390 2809 femine

709 2834 1037 2918 disponsentur.

420 2940 503 3004 Ius8
541 2944 665 3004 nature
703 2942 788 3004 tunc
824 2939 947 3004 directi
985 2940 1022 3002 in
1057 2959 1152 3023 spem
1186 2939 1435 3022 procreationis

314 3029 431 3093 future
461 3029 720 3106 transmittitur,
752 3049 831 3092 cum
859 3028 1061 3112 nuptiarum
1090 3028 1192 3092 fedus
1214 3027 1344 3090 totius³
1372 3027 1435 3091 sol-

314 3117 504 3182 lemnitatis
527 3117 709 3181 concordia
729 3117 920 3182 ordinatur.
966 3115 1056 3180 Nam
1080 3117 1108 3179 si
1132 3120 1193 3179 aut
1216 3119 1350 3181 etatum
1373 3119 1435 3179 aut

314 3227 536 3289 personarum
558 3206 796 3289 inconpetenti
816 3205 1016 3270 condicione
1033 3205 1231 3269 adnectitur
1247 3197 1431 3289 oopuluml

313 3293 484 3378 nuptiale,
521 3294 605 3376 quid
633 3296 741 3357 restat
771 3293 808 3356 in
838 3294 1085 3378 procreationis
1115 3293 1261 3376 origine,
1297 3293 1365 3355 nisi
1394 3295 1436 3356 nt

314 3383 406 3464 quod
433 3381 629 3444 nasciturus
653 3384 705 3446 est
728 3385 789 3444 aut
814 3382 978 3446 dissimile
1008 3385 1146 3445 maneat
1176 3385 1237 3444 aut
1265 3380 1436 3445 biforme?

314 3469 387 3534 Nec
418 3469 510 3533 enim
539 3470 668 3553 poterit
700 3471 737 3533 in
767 3470 860 3554 pacis
891 3471 1073 3534 concordia
1101 3470 1211 3546 nasci,
1247 3469 1340 3553 quod
1373 3489 1436 3553 per

315 3558 521 3622 discordiam
548 3558 690 3642 originis
717 3559 890 3623 noscitur⁰
919 3553 1114 3622 seminaril.
1160 3557 1319 3621 Vidimus
1343 3558 1435 3622 enim

421 3731 440 3778 l)
453 3730 587 3770 constiterat
599 3731 646 3773 31.

421 3783 463 3825 111.
504 3785 526 3830 a)
540 3784 645 3832 abrogari
658 3784 705 3826 121.
772 3783 796 3836 b)
809 3783 902 3824 licentia
916 3784 963 3826 121.
1024 3785 1044 3831 c)
1058 3794 1099 3833 pro
1113 3794 1154 3822 sno
1169 3784 1213 3825 dea.
1226 3784 1273 3825 131.
1340 3779 1364 3830 d)
1378 3779 1437 3822 dus·

315 3836 440 3878 tionem.
486 3837 639 3885 emuniit.
687 3837 802 3888 oetltl.
849 3837 1059 3886 inscriptorum,
1107 3837 1131 3885 h)
1145 3836 1240 3886 prebere
1254 3836 1305 3878 122.
1348 3835 1364 3884 1)
1378 3836 1435 3884 lm:

315 3889 387 3930 ultera
401 3889 570 3932 constitutione.

421 3942 476 3985 1111.
502 3945 524 3991 a)
538 3943 597 3982 otius
611 3943 658 3986 121.
698 3943 721 3991 b)
736 3940 796 3991 quod
806 3943 897 3992 plurlmi
911 3943 957 3987 121.
998 3944 1019 3991 c)
1033 3954 1079 3982 non
1088 3943 1215 3985 susurret.
1256 3941 1280 3990 d)
1293 3943 1435 3984 seminam.

316 4084 343 4151 1)
361 4084 402 4148 Of.
421 4084 453 4137 F.
471 4083 567 4149 Dahn,
596 4085 703 4150 ‘Westu
722 4083 809 4139 stud!
831 4084 928 4152 p.114
943 4100 996 4151 eo.,·
1024 4084 1057 4138 R.
1076 4083 1169 4150 Solem,
1198 4082 1288 4136 ‘Recht
1312 4084 1339 4136 d.
1365 4083 1436 4135 Eho-

315 4154 488 4220 autumer
503 4172 532 4222 p.
551 4157 587 4210 54
604 4171 658 4222 sqq.
743 4155 771 4223 2)
787 4155 819 4208 fi.
838 4155 986 4221 Hofmann,
1008 4155 1101 4206 ‘Ueher
1118 4155 1169 4206 dcn
1186 4155 1361 4220 Verlobuuya·
1379 4155 1436 4206 und

315 4226 366 4276 den
387 4225 536 4292 Traurinq'
561 4227 592 4277 ia
616 4227 668 4281 ‘W.
687 4226 752 4280 SR!
770 4226 854 4278 LXV
871 4227 984 4292 (1870),
1009 4243 1037 4294 p.
1056 4227 1111 4281 855
1128 4242 1198 4293 sqq.,·
1223 4225 1305 4278 Solem
1330 4225 1348 4278 1.
1366 4241 1388 4278 c.
1412 4232 1437 4277 et

312 4297 409 4364 p104
420 4312 458 4363 ⁸9·
527 4297 554 4364 3)
571 4297 611 4349 De
629 4297 768 4364 inaequali
784 4303 868 4348 aetate
883 4313 937 4364 pro
955 4297 1139 4363 impedimento
1156 4296 1325 4348 matrimonii
1341 4295 1435 4348 habita

314 4368 350 4431 of.
368 4368 448 4420 diam
467 4367 544 4422 Cone.
561 4368 681 4422 Foroiul.
707 4385 734 4422 a.
748 4369 808 4423 791.
832 4383 854 4422 c.
873 4369 902 4432 9,
930 4368 1035 4434 Monoi,
1062 4368 1152 4434 Ampl.
1177 4383 1248 4421 conc.
1272 4367 1331 4421 coll.
1349 4366 1433 4431 XIII,

315 4437 362 4492 col.
375 4440 428 4493 848
441 4454 510 4505 sqq.,·
527 4439 584 4493 LL.
600 4439 664 4508 Gap.
677 4439 701 4504 Ι,
713 4456 742 4507 p.
756 4441 817 4504 232,
830 4454 851 4492 0.
863 4441 894 4500 1‚·
912 4439 1029 4504 Richter,
1045 4438 1209 4492 ‘Kirchcau’
1221 4439 1261 4492 od.
1274 4440 1300 4493 8.
1315 4455 1344 4505 p.
1356 4440 1434 4493 1081.
