3198 5202
341 534 419 589 1le
436 534 552 592 VISIG.
572 533 840 592 Rnoonsswnn
877 535 959 605 VIII,
980 539 1004 605 1,
1023 539 1119 592 9-12.
1239 540 1291 593 231

173 718 315 781 comites
338 717 394 781 vel
417 720 548 784 iudices
573 722 633 782 aut
655 718 751 788 vilici
774 714 924 782 istudio‘1
944 739 1005 782 suo
1028 740 1098 782 non
1117 722 1294 783 morentur

171 805 394 890 inpenderee,
422 809 504 891 quia
527 808 718 891 provincias
741 811 876 872 nostras
900 829 970 871 non
992 807 1150 872 volumus
1174 808 1294 871 hostili

172 895 376 978 predatione
399 897 538 960 vastari.

593 1067 629 1122 x.
659 1065 873 1137 arnonas.

206 1179 263 1243 Ut
294 1181 435 1243 socios
466 1173 589 1244 suosb
621 1181 831 1256 nominet,
863 1183 969 1262 aput
998 1200 1120 1263 quem
1150 1199 1248 1262 pars

378 1269 531 1353 rapine
559 1269 765 1332 inventa²
793 1269 1088 1350 cognoscitur.

281 1376 378 1458 Aput
405 1395 508 1457 quem
535 1374 646 1438 scelus
675 1377 736 1437 aut
764 1394 842 1457 pars
869 1375 989 1457 rapine
1011 1375 1120 1438 fuerit
1142 1375 1292 1451 inventa,

173 1462 326 1526 istatim⁰
347 1464 455 1527 socios
480 1483 558 1526 suos
577 1464 755 1526 nominare
771 1465 925 1545 cogatur.
962 1460 1039 1540 Qui,
1065 1464 1093 1526 si
1115 1463 1293 1526 nominare

173 1551 334 1629 noluerit,
358 1554 520 1616 teneatur
544 1553 588 1615 ad
610 1551 810 1615 vindictam.
847 1549 999 1628 Quodsi
1022 1551 1199 1628 honestior
1222 1571 1294 1634 per-

174 1660 257 1703 sona
273 1642 335 1717 est,
356 1643 417 1704 aut
433 1661 493 1724 pro
509 1635 673 1704 iscelere‘1
692 1641 862 1703 rationem
877 1640 1002 1703 reddat
1017 1643 1078 1702 aut
1094 1661 1159 1722 que
1176 1640 1295 1704 ablata

173 1729 228 1792 vel
257 1749 374 1811 eversa
402 1729 554 1792 tuerint⁶
587 1729 775 1812 undecupli
803 1729 1039 1811 conpositione
1068 1728 1232 1793 restituat
1259 1731 1294 1792 et

174 1817 349 1901 Opublice
365 1816 504 1901 flagella
520 1817 695 1901 suscipiat.
736 1817 772 1881 Si
796 1820 889 1882 certe
913 1821 999 1901 aput
1022 1837 1155 1881 servum
1174 1817 1293 1900 rapine

174 1926 252 1990 pars
275 1907 501 1990 repperiatur,
527 1917 571 1971 00
587 1905 726 1989 flagella
741 1905 879 1990 publice
904 1909 1063 1970 extensus
1087 1906 1235 1989 accipiat
1259 1908 1295 1970 et

175 1995 283 2058 socios
307 2015 385 2058 suos
408 1995 586 2058 nominare
608 2015 679 2058 non
703 1994 852 2058 differat.

583 2200 635 2258 XI.
665 2199 879 2269 ANTIQUM.

175 2311 234 2376 De
259 2313 343 2390 his,
367 2313 441 2396 qui
464 2313 719 2396 diripienda
741 2314 941 2378 indicare
964 2313 1293 2398 repperiuntur.

283 2436 497 2520 Quicumque
526 2437 698 2519 ingenuus
725 2438 781 2501 vel
809 2457 925 2502 servus
956 2437 1072 2520 aliqua
1101 2438 1295 2522 diripienda

174 2519 417 2602 indicaveritb,
448 2526 523 2590 vel⁰
558 2529 598 2588 ut
633 2525 876 2608 cuiuscumque
911 2546 965 2590 res
1000 2521 1200 2608 evertaturd
1234 2529 1295 2589 aut

175 2635 300 2699 peoora
322 2613 378 2678 vel
400 2614 556 2678 iumenta
580 2613 797 2697 diripiantur,
827 2618 863 2678 et
890 2635 932 2678 ex
959 2615 1025 2678 hoc
1051 2615 1154 2678 certis
1176 2615 1295 2698 proba-

175 2703 328 2767 tionibus
344 2702 482 2787 publice
505 2703 681 2767 convictus
704 2703 909 2780 inveniatur,
935 2724 997 2786 pro
1020 2723 1071 2781 e0,
1096 2703 1188 2785 quod
1210 2703 1295 2765 indi·

176 2793 314 2870 caverit,
340 2803 361 2857 0
384 2791 523 2876 flagella
546 2791 684 2875 publice
708 2795 868 2856 extensus
892 2791 1074 2876 accipiat0.

578 3013 646 3072 xn.
677 3013 890 3084 arnonae.

175 3129 236 3192 De
271 3128 355 3203 his,
394 3127 467 3211 qui
503 3127 745 3191 itineranti
778 3126 848 3191 vel
882 3128 926 3191 in
960 3148 1089 3211 opere
1124 3127 1293 3191 rustico

176 3217 425 3280 constituto
454 3215 626 3299 aliquid
654 3215 928 3280 abstulerint
950 3217 1020 3281 vel
1047 3217 1293 3280 molestiam

467 3304 636 3370 inferro
667 3305 997 3388 presumserint.

284 3409 352 3488 Qui
378 3411 416 3473 in
443 3410 567 3475 itinere
594 3410 650 3476 vel
677 3412 715 3473 in
742 3431 844 3494 opere
869 3412 998 3476 rustico
1022 3412 1211 3475 constituto
1236 3411 1293 3474 ali-

175 3500 260 3581 quid
277 3499 448 3564 violenter
470 3499 631 3564 intulerit
653 3499 709 3563 vel
732 3499 925 3578 abstulerit,
950 3500 1012 3563 ubi
1034 3520 1076 3564 ex
1098 3500 1164 3564 hoc
1187 3499 1294 3563 iudici

175 3587 282 3651 fuerit
304 3587 576 3671 interpellatum,
599 3587 670 3665 ille,
694 3589 754 3671 qui
777 3588 970 3665 abstulerit,
995 3588 1227 3671 quadruplum
1246 3609 1295 3652 re·

175 3677 309 3754 stituat,
334 3678 396 3738 aut
419 3677 448 3739 si
471 3675 560 3739 aliut
580 3676 712 3759 aliquid
729 3677 821 3740 cedis
835 3677 891 3741 rel
909 3676 1026 3740 damni
1048 3677 1180 3754 fecerit,
1206 3677 1294 3760 lega·

175 3765 256 3828 liter
284 3765 486 3829 satisfaciat.
534 3763 634 3842 Quod
662 3765 692 3828 si
718 3766 784 3829 hoc
813 3785 929 3828 servus
958 3765 1096 3828 domino
1119 3765 1294 3830 nesciente

175 3853 381 3931 conmiserit,
407 3856 442 3916 et
465 3863 487 3918 0
508 3853 648 3936 flagella
671 3852 845 3937 suscipiat,
871 3857 907 3918 ct
930 3853 1088 3917 dominus
1112 3874 1174 3937 pro
1198 3874 1294 3918 servo

175 3942 446 4025 conpositionem
489 3941 635 4006 exolvat.
701 3941 792 4005 Nam
831 3943 861 4006 si
899 3943 1058 4006 dominus
1101 3962 1293 4026 conponere

174 4030 334 4108 noluerit,
360 4049 495 4096 servum
517 4030 654 4095 tradere
677 4051 748 4094 non
769 4023 945 4096 recusetb.

282 4253 305 4308 d)
319 4253 394 4296 studio
409 4256 459 4298 ΒΞ.
514 4254 536 4308 e)
549 4255 662 4306 inplere
676 4257 726 4299 nr,

175 4365 195 4410 e)
210 4309 377 4404 aaronica„
394 4310 451 4348 Μ
469 4309 522 4353 Μ’
598 4309 622 4358 b)
640 4309 696 4348 Μ
715 4311 735 4349 Β
742 4311 760 4352 ¹·
843 4312 863 4359 e)
882 4310 958 4350 saum
975 4309 1023 4354 Μ.
1105 4307 1231 4358 (1)ἰοο1ο1ο
1246 4308 1295 4351 Rs,

242 4469 247 4478 Ι
280 4415 319 4457 XI.
359 4416 382 4463 a)
395 4416 452 4454 duct
465 4415 514 4459 122.
561 4415 585 4464 b)
599 4412 812 4459 indicaverintssl.
861 4419 882 4466 c)
896 4417 952 4456 deest
966 4416 1013 4461 121.
1063 4415 1087 4466 d)
1100 4420 1232 4457 severtstur
1246 4414 1294 4456 Bt.

175 4469 196 4514 e)
209 4467 259 4508 Μ
273 4469 359 4564 ‘Idale
368 4469 394 4569 Ξ)
408 4522 464 4560 deest
478 4522 498 4560 R
508 4521 526 4564 2.
581 4522 605 4570 b)
618 4527 736 4562 recusetur
749 4523 770 4562 R
780 4524 798 4564 l.
