3198 5202
323 543 376 594 222
512 537 590 591 LEX
608 536 723 593 VISIG.
742 537 1012 594 REGOESSVIND.
1049 537 1117 605 VII,
1136 541 1161 605 5,
1180 541 1204 594 7.
1223 541 1249 594 8.

527 713 594 771 VH.
626 714 795 770 FLAVIUS
815 714 1129 770 OHINDASVINDUS
1148 714 1235 770 REX.

368 828 428 892 De
463 827 628 892 callide
663 831 706 892 et
740 827 1057 892 fraudulenter
1091 827 1395 891 anterioribus

635 917 873 1001 scripturis
902 917 1131 980 confectis.

431 1022 655 1102 Quorundam
683 1043 763 1106 sepe
791 1023 964 1087 calliditas
993 1023 1145 1106 exegitss,
1174 1026 1215 1086 ut
1241 1043 1329 1087 nove
1352 1043 1444 1086 sanc-

321 1112 427 1176 tionis
459 1112 709 1176 constituamus
739 1112 905 1188 edictum,
943 1112 1024 1174 dum
1058 1133 1176 1175 eorum
1205 1131 1294 1176 nova
1324 1114 1360 1176 et
1390 1111 1443 1175 ab·

322 1201 470 1265 orrenda
504 1201 637 1264 fraudis
671 1200 850 1264 molimina
884 1201 921 1262 in
951 1200 1098 1263 aliorum
1132 1200 1336 1283 deceptione
1369 1221 1444 1265 con·

323 1291 464 1354 cinnata
480 1282 755 1372 cognoscimusb.
791 1289 940 1352 Proinde
964 1289 1046 1372 quia
1068 1292 1150 1352 sunt
1174 1288 1328 1373 plerique
1344 1292 1443 1352 tanto

323 1379 408 1442 alios
433 1378 895 1442 2112211112212121112122120
922 1378 1040 1454 dediti,
1065 1380 1106 1440 ut
1129 1376 1192 1441 sub
1216 1378 1319 1440 unius
1344 1398 1443 1443 cause

322 1468 460 1530 nomine
489 1467 526 1529 in
549 1465 668 1529 multis
692 1465 853 1551 capitulis
881 1487 943 1550 per
965 1461 1169 1550 iscripture⁰l
1197 1466 1318 1530 seriem
1341 1467 1444 1531 inter·

324 1556 405 1618 dum
429 1555 562 1638 aliquos
586 1554 751 1638 obligent,
776 1555 879 1618 huius
901 1555 1071 1639 perpetim
1086 1555 1235 1619 valiture
1258 1554 1345 1637 legis
1370 1577 1443 1619 con·

323 1645 505 1708 stitutione
521 1643 746 1720 decernimus,
766 1647 816 1720 ut,
841 1643 1048 1726 quicumque
1066 1665 1143 1708 cum
1160 1643 1229 1708 alio
1245 1644 1287 1707 de
1303 1645 1444 1727 negotio

323 1732 465 1816 speciali
489 1732 1040 1816 (1211212112222212122122212112θ
1063 1732 1346 1796 constitutionem
1370 1733 1444 1796 sub·

322 1822 554 1886 introduxerit
582 1822 693 1904 adque
723 1821 774 1884 ita
802 1822 1066 1886 circumvenerit
1094 1822 1252 1904 aliquem,
1281 1824 1332 1898 ut,
1362 1821 1444 1884 dum

324 1910 366 1974 de
396 1931 467 1973 una
497 1930 600 1973 causa
629 1910 669 1972 fit
700 1910 954 1987 convenientia,
991 1909 1115 1974 callide
1147 1930 1209 1993 per
1239 1910 1444 1993 scripturam

323 2000 486 2074 intereat,
518 1999 609 2062 unde
640 2019 777 2062 omnem
807 1999 849 2062 de
880 1998 957 2062 aliis
986 1999 1135 2083 negotiis
1159 1997 1302 2062 alterius
1325 2019 1443 2063 vocem

324 2088 505 2169 extinguat
527 2087 583 2150 vel
606 2087 711 2150 etiam
742 2087 888 2151 fortasse
917 2089 1110 2171 proveniat,
1138 2091 1180 2150 ut
1207 2108 1277 2151 non
1304 2088 1443 2171 quidem

324 2195 384 2260 per
413 2176 627 2259 scripturam,
657 2177 716 2240 sed
744 2176 808 2239 sub
837 2176 913 2239 aliis
937 2177 1049 2240 verbis
1073 2175 1162 2239 aliut
1185 2176 1350 2239 simulans
1374 2176 1443 2259 qui-

324 2284 469 2346 cumque
498 2263 647 2347 aliquem
676 2265 792 2328 dolose
816 2267 878 2328 aut
900 2264 1142 2328 fraudulenter
1168 2255 1206 2328 111
1229 2285 1442 2348 quocumque

325 2345 509 2436 decipiatf,
545 2353 647 2416 huius
681 2354 732 2417 rei
766 2356 960 2436 presumtor
990 2357 1025 2417 21
1055 2354 1194 2437 publica
1225 2356 1367 2417 notetur
1396 2354 1443 2416 in-

324 2441 444 2518 famia,
481 2445 516 2506 et
552 2442 596 2519 ei,
633 2462 734 2525 quem
769 2443 1054 2519 circumvenerat,
1090 2463 1232 2507 manens
1266 2441 1442 2520 obnoxius,
1519 2439 1522 2444 ⁴

324 2531 489 2607 eamdem,
519 2551 585 2612 que
613 2531 656 2594 de
683 2530 834 2594 falsariis
861 2531 935 2594 lata
963 2533 1024 2607 221,
1054 2536 1260 2594 censuramg
1286 2531 1372 2616 legis
1396 2531 1443 2594 in·

325 2623 450 2682 currat.
498 2619 610 2682 Simili
637 2639 771 2701 quoque
800 2620 925 2682 damno
949 2618 1004 2683 vel
1032 2640 1120 2704 pena
1150 2619 1323 2683 multandi
1350 2623 1441 2697 sunt,

324 2708 383 2790 qui
406 2710 547 2791 propter
570 2708 802 2772 evacuandam
829 2707 1071 2772 fraudulenter
1094 2709 1318 2792 posteriorem
1341 2709 1443 2792 scrip-

323 2800 447 2873 turam,
479 2817 540 2879 per
563 2797 745 2860 anterioris
769 2797 937 2880 scripture
961 2798 1083 2860 seriem
1105 2817 1159 2861 res
1183 2797 1329 2874 easdem,
1359 2817 1443 2878 quas

323 2886 491 2968 posterior
521 2887 692 2968 scriptura
721 2885 885 2962 continet,
916 2885 952 2947 in
982 2886 1124 2951 alterius
1151 2886 1289 2950 nomine
1318 2885 1443 2950 callide

324 2973 493 3056 obligasse
528 2973 781 3057 repperiuntur,
817 2975 868 3036 ita
900 2977 941 3036 ut
972 2978 1046 3037 tam
1079 2974 1149 3051 ille,
1186 2975 1245 3057 qui
1279 2973 1342 3037 sub
1378 2976 1443 3037 hac

323 3061 447 3126 fraude
469 3062 576 3125 talem
600 3063 804 3146 scripturam
827 3062 949 3126 fecisse
973 3064 1157 3146 detegitur,
1186 3083 1289 3145 quam
1312 3062 1382 3139 ille,
1407 3063 1443 3125 in

324 3151 420 3214 cuius
443 3152 582 3215 nomine
606 3152 701 3214 facta
723 3151 830 3215 fuisse
855 3152 1057 3228 constiterit,
1083 3153 1111 3215 si
1135 3151 1290 3216 conscius
1310 3151 1443 3214 fraudis

323 3239 427 3302 huius
457 3240 664 3322 agnoscitur,
696 3240 825 3316 eadem,
857 3261 926 3322 qua
952 3261 1056 3323 supra
1079 3243 1237 3304 taxatum
1261 3243 1322 3318 221,
1348 3241 1443 3304 etin

322 3328 424 3391 rebus
449 3332 484 3392 et
507 3329 544 3390 in
560 3349 700 3413 corpore
716 3329 850 3392 iactura
866 3330 1062 3406 damnetur;
1088 3332 1124 3392 et
1140 3331 1306 3394 evacuata
1321 3322 1439 3413 priorh

323 3417 502 3500 scriptura,
527 3418 625 3480 firma
648 3417 899 3480 nihilhominus
922 3419 1091 3500 posterior
1114 3418 1294 3482 habeatur.

518 3587 600 3642 VIII.
631 3587 799 3642 FLAVIUS
818 3585 1133 3644 OHINDASVINDUS
1151 3587 1239 3645 REX.

368 3699 427 3763 De
459 3699 624 3764 callide
654 3703 697 3764 et
726 3700 1040 3765 fraudulenter
1072 3701 1397 3785 posterioribus

635 3789 873 3872 scripturis
898 3790 1129 3854 confectis.

429 3893 509 3957 Non
531 3895 692 3960 inmerito
709 3896 844 3978 cogitur
860 3896 1015 3960 debitum
1031 3896 1169 3960 heredis
1192 3897 1358 3974 exolvere,
1384 3897 1442 3980 qui

323 4002 496 4046 successor
515 3984 913 4048 112122112112112221121ἃ
934 3985 1097 4050 extitisse.
1134 3983 1223 4063 Quia
1239 4005 1321 4068 ergo
1336 3986 1441 4048 nullis

322 4072 481 4136 fraudem
511 4093 649 4138 necesse
680 4076 733 4137 est
763 4073 998 4137 occasionibus
1029 4094 1199 4150 excusare,
1234 4074 1337 4137 huius
1370 4094 1441 4158 per-

322 4161 429 4244 petim
453 4161 601 4225 valiture
628 4161 715 4245 legis
739 4162 917 4226 sanctione
941 4182 1127 4239 censemus,
1157 4165 1206 4240 ut,
1236 4163 1440 4246 quicumque

323 4250 466 4314 cuilibet
488 4271 550 4334 per
571 4251 815 4332 cuiuscumque
838 4252 1006 4335 scripture
1030 4254 1246 4316 contractum
1269 4272 1323 4315 res
1347 4271 1441 4335 quas-

428 4422 479 4464 VII.
514 4423 682 4471 a)exigit122.
723 4423 746 4471 b)
761 4423 914 4473 cognoscimur
928 4425 974 4466 121.
1015 4421 1187 4473 (2212212112.
1228 4422 1252 4471 d)
1266 4425 1379 4473 scripture
1393 4424 1441 4465 112.

322 4475 548 4524 2)111221·12112Β2.
602 4477 782 4524 sletadd.R1.
837 4478 1029 4526 g)censuraRl.
1084 4479 1107 4526 h)
1121 4478 1153 4516 ita
1167 4479 1213 4521 121.
1228 4479 1279 4528 ΕΙ)
1297 4477 1378 4527 prioris
1393 4477 1440 4516 112.

429 4529 492 4572 v111.
532 4532 554 4577 2)
568 4530 750 4572 noscunturBl.
