3264 5206
297 563 348 616 156
491 557 569 613 1le
587 556 702 614 VISIG.
721 555 991 616 Raoonssvmn.
1026 557 1063 626 V,
1081 560 1163 626 4,17.
1178 559 1219 614 18.

684 732 779 790 11111
810 733 1024 803 inrisum.

354 829 411 894 Ut
433 829 585 894 nullus
613 849 782 894 servum
811 849 931 892 suum
957 829 1119 894 vendat
1146 828 1355 893 invitns².

403 934 607 1020 Sepissime¹
629 934 723 1018 leges
747 936 906 998 oriuntur
928 955 970 999 ex
986 935 1106 1012 causis,
1131 938 1167 999 01
1190 955 1268 999 cum
1285 933 1417 1017 aliquid

295 1025 435 1090 insolite
458 1023 592 1088 fraudis
616 1023 742 1100 existit,
766 1043 905 1089 necesse
928 1027 981 1088 est
1005 1026 1126 1088 contra
1146 1023 1300 1087 notande
1323 1021 1416 1087 calli-

296 1114 415 1178 ditatis
446 1113 611 1177 astutiam
640 1115 842 1196 preceptum
871 1132 958 1177 nove
989 1112 1247 1178 constitutionis
1277 1111 1415 1198 opponi.

296 1201 521 1286 Conperimus
554 1199 745 1265 multorum
779 1220 892 1265 servos
921 1200 978 1266 vel
1010 1200 1153 1265 ancillas
1183 1200 1228 1263 ad
1256 1199 1417 1264 eclesiam

295 1290 522 1374 quorumdam
553 1288 797 1354 sollicitatione
827 1289 1014 1371 confugere
1045 1292 1081 1353 ct
1109 1288 1183 1353 illic
1213 1288 1256 1352 de
1286 1287 1416 1351 iniusto

295 1379 512 1444 dominorum
546 1377 690 1462 imperio
725 1377 900 1462 sepissime
930 1377 1127 1460 querellari,
1163 1381 1204 1441 ut
1232 1377 1284 1440 ita
1312 1376 1416 1440 inter·

296 1467 499 1532 cedentibus
515 1466 648 1532 clericis
663 1465 841 1550 religionis
857 1467 1004 1531 obtentu
1020 1467 1159 1531 domino
1174 1464 1417 1530 necessitatem

295 1557 497 1621 vinditionis
522 1557 759 1638 extorqueant.
804 1554 874 1619 Hic
898 1555 1003 1619 etiam
1026 1547 1248 1641 plerumqueb
1276 1553 1416 1617 domino

295 1665 390 1709 error
412 1644 600 1729 inponitur,
628 1646 670 1706 ut
698 1646 759 1707 aut
787 1643 931 1708 clericus
954 1646 1016 1707 aut
1038 1644 1245 1727 quicumque
1267 1641 1356 1706 alius
1380 1661 1416 1706 se

294 1733 392 1798 velut
420 1736 530 1798 emtor
551 1733 760 1816 interponat,
792 1732 942 1816 pretinm
965 1732 1160 1796 traditurus
1190 1731 1351 1807 alienum,
1381 1733 1416 1794 et

295 1822 358 1886 sub
382 1822 486 1885 huius
509 1820 863 1904 argumentationem
889 1820 1044 1886 conludii
1072 1820 1249 1885 interdum
1277 1819 1415 1883 domino

294 1910 470 1974 nesciente
500 1928 616 1974 servus
645 1909 817 1973 vendatur
846 1909 996 1986 inimico,
1027 1909 1139 1993 adque
1169 1902 1343 1985 eveniatd,
1374 1910 1416 1970 ut

295 1999 331 2061 11
354 1998 468 2062 vicina
490 1997 649 2063 forsitam
677 1996 753 2062 loca
780 1997 1000 2075 constitutus,
1032 2017 1110 2062 eum
1139 1996 1200 2062 ille
1230 1996 1414 2081 possideat,

295 2087 355 2170 qui
373 2086 511 2170 publice
527 2085 727 2150 nullatenus
743 2085 788 2149 ad
803 2088 1020 2151 contractum
1035 2085 1237 2151 vinditionis
1261 2085 1414 2150 accessit.

295 2175 443 2240 Proinde
478 2176 543 2238 hac
578 2175 817 2258 profuturame
849 2175 1009 2239 omnibus
1042 2173 1119 2258 lege
1154 2174 1339 2250 sancimus,
1375 2176 1415 2235 ut

294 2263 412 2327 nullus
447 2283 581 2328 servum
616 2283 716 2328 suum
745 2263 874 2328 vendat
906 2263 1052 2340 invitus;
1088 2263 1149 2328 sed
1179 2262 1323 2328 clericus
1354 2264 1415 2325 111

295 2351 418 2416 eclesie
450 2345 601 2429 custusf,
637 2351 728 2416 sicut
757 2351 795 2415 in
824 2351 901 2416 aliis
931 2351 1066 2436 legibus
1096 2352 1295 2416 continetur
1305 2352 1326 2428 ²,
1363 2371 1415 2415 011-

294 2443 454 2504 cusatum
477 2461 498 2504 a
521 2440 624 2524 culpa
646 2441 785 2505 domino
816 2460 952 2505 servum
981 2443 1097 2505 amota
1125 2439 1292 2505 dilatione
1319 2439 1415 2504 resti·

293 2531 384 2592 tuat.
430 2528 521 2593 Satis
545 2529 637 2594 enim
659 2529 797 2594 videtur
818 2528 1009 2613 indignum,
1039 2532 1080 2592 ut
1102 2529 1139 2592 in
1163 2549 1203 2594 eo
1226 2528 1303 2593 loco
1326 2528 1415 2593 servi

294 2618 548 2682 contumaciam
562 2617 761 2683 rebellionis
776 2618 969 2695 adsumant,
985 2618 1047 2682 ubi
1063 2617 1300 2701 castigationis
1317 2617 1413 2681 disci·

294 2706 391 2790 plina
413 2709 449 2782 01
471 2705 733 2790 obtemperandi
756 2706 980 2790 predicantur
995 2706 1162 2790 exempla.
1209 2705 1246 2770 Si
1261 2706 1338 2788 quis
1353 2705 1415 2769 ita·

294 2815 360 2877 que
391 2795 568 2860 dominnm
598 2816 698 2859 suum
728 2795 766 2858 in
794 2796 888 2860 hunc
913 2795 1051 2860 inducit
1074 2815 1232 2872 errorem,
1264 2795 1415 2878 pretium

293 2884 354 2966 qui
375 2904 438 2967 per
460 2883 673 2968 suppositam
695 2903 877 2967 personam
904 2884 1105 2968 conparavit
1135 2883 1290 2961 amittat;
1321 2883 1414 2965 quod

294 2971 354 3035 ille
378 2975 439 3036 aut
462 2972 559 3056 ipsog
580 2972 764 3036 conmercii
784 2976 950 3056 tempore,
975 2973 1035 3055 qui
1055 2972 1295 3049 inducebatur,
1319 2991 1415 3035 usur·

171 3049 179 3066 ’
295 3053 379 3144 peth
406 3080 466 3124 110
489 3061 694 3145 proprietati
721 3060 912 3138 habiturus,
945 3064 1006 3124 aut
1031 3061 1060 3124 si
1083 3061 1158 3138 hoc,
1190 3063 1414 3144 posteaquam

294 3149 410 3212 iuerat
425 3150 599 3226 inductus,
617 3149 805 3233 agnoverit,
822 3148 947 3213 iudicis
962 3142 1224 3232 errsequutionei
1244 3149 1414 3233 percipiat

295 3240 330 3301 et
365 3257 501 3301 servum
537 3238 788 3302 nihilhominus
826 3258 887 3301 110
921 3238 1074 3302 vindicet
1112 3237 1287 3322 potestati.
1343 3236 1413 3302 Hic

295 3329 420 3402 autem,
449 3327 509 3408 qui
532 3347 567 3390 se
588 3327 786 3390 ministrum
813 3326 1055 3391 fraudulenter
1076 3326 1278 3390 vinditionis
1304 3326 1414 3409 inges-

295 3414 349 3490 sit,
379 3414 486 3477 alium
509 3415 601 3497 paris
624 3415 739 3479 meriti
762 3434 897 3480 servum
921 3415 1069 3493 domino,
1099 3415 1155 3479 cui
1177 3415 1342 3479 instruxit
1364 3415 1413 3477 in·

293 3503 411 3580 sidias,
447 3501 634 3566 reformare
665 3506 817 3586 cogatur,
853 3507 889 3569 et
917 3507 991 3568 tam
1019 3504 1171 3568 notande
1202 3503 1335 3567 fraudis
1364 3503 1413 3566 in-

293 3590 448 3674 probitas
471 3592 626 3675 precepti
648 3591 752 3655 hnius
775 3586 1026 3674 quoerceoturk
1052 3592 1200 3656 obiectu.

477 3724 590 3782 XVIII.
618 3725 786 3784 FLAVIUS
805 3725 1119 3783 OHINDASVINDUS
1138 3726 1225 3784 ann.

294 3820 338 3883 Si
368 3840 518 3884 servus
552 3841 628 3906 pro
660 3821 841 3886 crimine
875 3842 1144 3905 quocumque
1179 3824 1413 3886 contractu

446 3910 497 3973 ad
527 3909 764 3974 dominium
793 3911 1030 3976 transierit
1060 3910 1259 3974 alterius.

399 4014 479 4079 Non
509 4016 836 4099 pretermittendum
866 4020 918 4082 est
948 4015 1054 4100 legali
1088 4017 1265 4082 sanctione
1300 4016 1411 4080 decer·

292 4124 388 4180 nere,
431 4103 524 4168 unde
566 4104 769 4189 plerumque
806 4105 1066 4190 inpugnationis
1104 4105 1237 4170 occasio
1274 4105 1412 4169 videtur

399 4259 471 4300 XVII.
505 4259 526 4306 a)
541 4259 597 4298 deest
610 4259 700 4297 rubrica
713 4259 762 4302 122.
808 4260 832 4308 b)
846 4259 950 4310 plerique
963 4261 1016 4311 1313
1030 4264 1056 4300 nt
1068 4260 1102 4300 ita
1115 4257 1309 4300 lntarcedontibus
1324 4258 1411 4299 clericis

293 4332 319 4339 -
333 4312 492 4352 necessitatem
509 4313 536 4351 de
552 4323 623 4360 supra
639 4313 731 4361 repetita
748 4314 813 4351 ctiam
832 4313 870 4353 boc
884 4313 928 4354 loro
938 4323 1057 4362 perperam
1072 4314 1155 4353 addunt
1168 4315 1215 4355 Rl.
1224 4314 1243 4355 1.
1311 4315 1412 4361 111111-

293 4365 431 4405 mentatione
444 4365 493 4407 112,
561 4362 584 4412 d)
598 4363 707 4405 deveniat
720 4366 766 4409 131.
834 4368 855 4414 0)
869 4367 989 4416 profutura
1002 4368 1051 4410 122.
1118 4367 1224 4418 onustos
1239 4367 1287 4409 Bt.
1349 4368 1372 4415 g)
1386 4366 1412 4405 ln

292 4418 341 4466 ipso
356 4418 402 4461 131.
456 4419 480 4466 h)
493 4423 587 4468 usurpet
601 4423 625 4459 et
638 4420 684 4461 Rl.
738 4419 755 4467 1)
769 4420 915 4461 exsecutione
929 4420 977 4462 132.
1031 4419 1056 4472 k)
1070 4423 1201 4460 coerceatur
1215 4420 1264 4462 ΒΞ.

294 4524 320 4590 1)
338 4524 379 4588 Cf.
400 4523 491 4591 Dabn,
513 4525 635 4591 ‘Kdaiqa'
652 4525 693 4577 VI
698 4524 716 4592 ²,
734 4543 761 4594 p.
775 4527 836 4580 376.
908 4525 936 4593 2)
952 4526 981 4580 V.
1000 4526 1079 4590 Infra
1097 4526 1149 4592 IX,
1170 4529 1194 4592 3,
1215 4529 1240 4581 3.
1259 4528 1284 4580 4.
