3214 5198
315 527 370 580 364

323 717 326 723 ·
352 701 440 753 maior
457 716 573 768 persona
591 703 653 756 238.
672 703 741 766 239;
767 717 795 753 se
823 699 858 752 ad

352 773 483 824 maiorem
502 788 646 839 personam
666 770 791 824 conferre
810 773 858 837 043

352 844 463 897 maioris
491 843 545 895 loci
571 859 688 910 persona
715 859 739 894 c.
767 843 857 910 locus;

352 914 469 968 maiores
487 914 583 981 palatii
602 917 661 969 180.

316 985 480 1039 maledicere
498 984 615 1053 principi
633 988 676 1038 43.

316 1056 492 1110 maledictum
520 1057 547 1108 in
574 1055 727 1124 principem
757 1053 858 1108 inferre

316 1197 494 1252 maleficium:
515 1200 574 1253 178.
596 1201 655 1253 179.
676 1199 740 1264 1823
759 1197 789 1248 in
808 1195 858 1248 cri-

352 1271 434 1336 mine,
447 1269 465 1324 i.
479 1287 502 1323 e.
511 1267 653 1336 veneficio,
666 1265 800 1321 maleficio
814 1273 857 1338 etc.

316 1410 464 1480 maleficus,
492 1409 608 1464 malefici
636 1414 679 1466 72.
709 1412 768 1464 181.
798 1411 857 1464 182.

352 1486 412 1539 200.
432 1486 494 1538 274.

317 1553 435 1606 malitia:
464 1553 625 1620 dispositum
650 1552 771 1605 malitiae
798 1555 857 1607 194.

355 1628 421 1692 196;
447 1624 551 1677 malitia
575 1623 671 1676 iudicis
695 1627 759 1692 1775
785 1623 858 1690 dolo,

353 1695 457 1762 fraude,
479 1695 661 1750 malitia179.

317 1768 420 1819 malus:
449 1783 545 1820 causae
571 1766 659 1818 malae
686 1770 711 1821 3.
739 1769 764 1820 4.
790 1769 857 1833 2843

353 1840 424 1891 mala
454 1838 551 1906 petitio
584 1840 647 1904 177;
679 1854 725 1902 ex,
757 1838 858 1903 absque

353 1911 426 1962 mala
437 1910 588 1961 volumtate
602 1911 662 1963 193.
674 1911 741 1976 2003
755 1908 858 1959 malum

353 1979 444 2033 facere
468 1983 529 2035 210.
555 1983 622 2047 2293
649 1979 720 2032 male
738 1978 858 2032 iudicare

354 2056 396 2107 bl.
421 2053 471 2118 583
496 2050 567 2102 male
593 2053 687 2118 petere
715 2053 780 2117 177;
806 2066 858 2116 res,

353 2122 517 2174 vestimenta
542 2121 630 2174 aliena
651 2122 723 2174 male
741 2125 859 2174 tractare

317 2264 489 2331 mancipare:
514 2262 569 2314 iuri
592 2263 704 2331 proprio
730 2280 766 2316 m.
793 2265 858 2330 1463

354 2334 493 2388 custodiae
512 2334 555 2387 vel
578 2333 687 2387 vinculo
709 2333 859 2401 mancipari

355 2409 419 2475 1873
434 2405 515 2458 exilio
527 2405 678 2474 mancipari
689 2409 755 2473 2013
774 2405 859 2458 ardue

353 2477 504 2545 mancipari
531 2481 596 2545 115;
625 2476 754 2529 ecclesiae
782 2477 859 2529 obse·

354 2549 424 2616 quiis
433 2548 581 2616 mancipati
592 2550 656 2616 1443
666 2547 713 2615 qui
722 2547 859 2617 regalibus

355 2620 470 2673 servitiis
491 2619 684 2686 mancipantur
702 2621 743 2673 74.

319 2691 494 2759 mancipium,
513 2689 649 2759 mancipia
667 2693 709 2744 77.
725 2693 783 2745 153.
799 2692 858 2744 173.

355 2766 420 2830 307;
458 2761 592 2827 eiusdem,
630 2760 732 2827 equalis
768 2759 859 2812 meriti

354 2833 520 2901 mancipium
535 2836 595 2888 214.
608 2835 674 2900 2633
692 2831 859 2899 mancipium

355 2905 498 2958 meliorare
512 2907 577 2972 1593
595 2903 731 2970 mancipia
748 2903 777 2954 in
794 2902 859 2954 alias

325 3077 332 3082 .
354 2973 859 3114 {tt⁰¹¹<t..tlt.?t“t.ilti.tlt}

354 3117 489 3185 mancipia
528 3116 675 3170 christiana
710 3114 859 3168 Iudeorum

356 3191 521 3256 305-307;
540 3205 577 3242 m.
596 3205 631 3240 ex
649 3186 860 3240 christianorum

355 3262 383 3312 et
418 3258 593 3312 Hebreorum
634 3257 757 3311 conubiis
796 3260 860 3310 nata

356 3334 416 3386 308.
435 3361 468 3368 -
489 3329 687 3396 mancipiorum
701 3329 860 3398 agnationes

355 3401 516 3454 dividendae
528 3403 594 3468 281;
607 3400 775 3468 mancipium
787 3415 860 3452 com·

330 3491 334 3494 ·
354 3489 437 3525 mune
457 3475 517 3527 168.
538 3475 604 3540 169;
629 3471 772 3539 mancipiis
797 3488 859 3523 con·

355 3545 444 3596 silium
474 3548 596 3611 prestare
626 3545 694 3609 2723
724 3541 860 3609 mancipia

354 3616 383 3666 in
413 3615 587 3667 contentione
616 3614 706 3682 posita
735 3617 760 3668 3.
791 3614 859 3680 2843

355 3685 490 3754 mancipia
515 3686 617 3739 donare
643 3688 703 3740 141.
726 3686 794 3751 319;
822 3700 859 3735 m.

356 3756 389 3808 de
402 3756 533 3822 hostibus,
547 3758 581 3810 ab
594 3755 710 3808 inimicis
723 3758 858 3819 excutere,

357 3830 408 3882 158
422 3845 459 3894 sq.
487 3831 555 3896 2723
583 3826 719 3894 mancipia
745 3825 860 3894 fugitiva

328 3926 329 3930 =
355 3900 416 3952 264.
440 3901 508 3966 aa4;
536 3899 571 3962 cf.
597 3901 665 3966 2633
692 3897 860 3964 mancipium

355 3969 442 4020 latens
472 3971 540 4036 2623
571 3968 766 4036 patrocinium,
798 3985 859 4036 pre-

356 4043 426 4091 stare
456 4039 592 4107 mancipio
622 4043 690 4107 2723
722 4039 860 4107 peculium

355 4109 496 4178 mancipiis
521 4109 641 4162 dandum
666 4114 734 4179 3083
765 4110 859 4179 pigne·

355 4197 415 4234 rare
430 4181 596 4249 mancipium
610 4185 677 4250 319;
696 4181 860 4250 plagiatores

355 4252 552 4320 mancipiorum
565 4256 633 4322 214;
646 4253 813 4321 mancipium
826 4252 860 4304 ab

355 4323 470 4376 inimicis
493 4324 639 4376 sollicitare
664 4327 732 4392 2723
758 4323 859 4376 manci-

354 4394 430 4462 pium
468 4394 587 4447 alienum
623 4411 755 4462 usurpare
790 4397 859 4462 2143

328 4463 332 4475 ’“
355 4465 490 4534 mancipia
502 4465 621 4518 vendere
641 4469 706 4532 1523
725 4464 860 4534 mancipia

535 522 590 577 ΙΠ.
627 521 749 576 INDEX
766 521 905 577 RERUM
923 520 973 575 ΕΤ
992 519 1216 576 VERBORUM.

932 699 966 752 ab
975 698 1098 752 hostibus
1110 698 1223 751 vendita
1236 701 1300 766 158;
1314 729 1348 737 -
1361 716 1437 751 man·

931 770 1033 838 cipinm
1053 770 1193 823 absolvere
1214 773 1279 837 1693
1302 771 1437 838 mancipia

931 859 981 910 per
1008 841 1231 894 constitutionem
1258 841 1362 909 regiam
1391 841 1437 893 ab·

932 913 1020 964 soluta
1033 915 1098 980 3063
1113 913 1280 980 mancipium
1292 929 1342 980 per
1354 913 1437 980 scrip·

932 990 1022 1035 turam
1040 983 1157 1036 liberum
1171 982 1262 1036 facere
1276 987 1342 1050 172,
1361 1000 1438 1035 man·

931 1054 1003 1178 pppis
1021 1054 1141 1106 libertati
1159 1054 1262 1177 trpirpita
1284 1054 1323 1176 apr
1337 1053 1437 1106 civium

977 1141 1120 1178 manorum
1138 1143 1181 1193 prr
1220 1142 1281 1193 egra
1323 1141 1437 1177 anseun·

931 1200 972 1249 tes
1000 1199 1068 1262 306;
1096 1196 1263 1265 mancipium
1291 1196 1437 1248 manumit

931 1271 990 1320 tere
1022 1270 1081 1322 106.
1116 1271 1180 1335 1083
1217 1267 1353 1334 mancipia
1388 1283 1439 1334 per

931 1338 1094 1406 scripturam
1113 1341 1161 1390 aut
1176 1338 1346 1406 presentibus
1363 1338 1437 1390 testi·

931 1410 981 1462 bus
999 1409 1194 1462 manumittere
1213 1413 1279 1477 1683
1301 1409 1437 1477 mancipia

931 1498 959 1533 se
990 1480 1019 1532 in
1048 1480 1204 1533 libertatem
1237 1481 1437 1548 proclamantes

933 1555 996 1621 1693
1024 1569 1047 1605 o.
1076 1551 1187 1619 aneilla,
1215 1550 1354 1619 dominus,
1383 1568 1437 1603 ser·

930 1639 988 1678 vus.

895 1692 1026 1746 mandare
1056 1695 1099 1749 68.
1132 1696 1198 1761 180;
1234 1710 1285 1761 per
1319 1693 1437 1760 aliquem

931 1764 1047 1833 principi
1067 1763 1198 1816 mandare
1218 1767 1277 1820 180.

896 1835 1059 1889 mandatarii
1077 1839 1119 1890 01.

895 1907 1040 1959 mandator
1068 1908 1181 1961 87-70.
1211 1909 1260 1974 753
1287 1904 1437 1974 (mandata-

931 1978 997 2045 rius)
1012 1994 1074 2029 cum
1087 1976 1249 2029 mandatore
1262 1975 1375 2028 definiat
1387 1993 1437 2044 pro

932 2048 1078 2102 comodum
1094 2049 1136 2100 sui
1148 2047 1248 2100 laboris
1262 2050 1311 2114 693
1330 2048 1437 2100 lucrum

931 2124 960 2173 et
979 2120 1109 2172 damnum
1132 2119 1167 2171 ad
1185 2119 1374 2171 mandatorem
1394 2135 1436 2171 re·

931 2194 1074 2244 vertantur
1091 2193 1134 2245 09.

897 2262 1057 2314 mandatum
1075 2264 1190 2329 dlsqq.;
1215 2277 1252 2315 m.
1278 2259 1368 2313 facere
1388 2264 1436 2326 753

931 2351 968 2388 m.
981 2333 1066 2385 trium
1078 2333 1190 2384 testium
1203 2331 1379 2384 adnotatione
1392 2330 1436 2384 fir·

903 2431 907 2438 ·
931 2408 1036 2456 matum
1064 2406 1114 2464 083
1145 2401 1268 2454 mandati
1298 2403 1437 2470 exemplar

932 2474 1078 2527 adsertoris
1091 2477 1137 2537 673
1157 2477 1236 2526 tenor
1249 2473 1372 2526 mandati
1389 2474 1436 2540 ib.;

931 2545 1055 2599 condicio
1073 2562 1109 2600 m.
1129 2548 1180 2611 693
1198 2543 1357 2597 mandatum
1372 2545 1437 2597 dare

904 2636 906 2639 ’
931 2621 999 2685 230;
1030 2635 1066 2670 m.
1093 2615 1197 2668 editum
1222 2619 1271 2684 75;
1300 2616 1436 2668 inmutare

931 2706 968 2742 m.
988 2691 1037 2756 083
1063 2704 1099 2742 m.
1122 2689 1246 2755 repetere
1265 2690 1314 2754 693
1340 2687 1436 2740 min·

930 2758 1050 2812 validum
1071 2762 1119 2827 75;
1141 2758 1189 2824 qui
1205 2775 1256 2825 per
1274 2775 1310 2812 m.
1329 2762 1437 2810 secutus

931 2835 981 2898 est,
1000 2831 1047 2897 qui
1058 2848 1095 2884 m.
1107 2827 1181 2892 iecit,
1201 2829 1247 2896 qui
1265 2847 1302 2880 m.
1320 2830 1438 2896 suscepit

933 2906 982 2966 703
1000 2918 1050 2969 per
1062 2900 1185 2953 mandati
1197 2901 1359 2967 scripturam
1375 2917 1436 2966 per·

932 2989 1027 3026 sonam
1039 2972 1148 3041 eligere,
1161 2972 1207 3038 qui
1220 2970 1375 3023 adversario
1388 2987 1436 3023 suo

931 3042 1020 3096 iudice
1037 3045 1165 3110 presente
1183 3042 1348 3110 respondeat
1369 3045 1436 3110 2303

932 3115 1068 3167 actionem
1092 3130 1143 3182 per
1165 3112 1326 3165 mandatum
1348 3113 1437 3164 iniun-

931 3203 997 3254 gere
1019 3184 1237 3253 prosequendam
1257 3187 1303 3251 713
1328 3200 1437 3236 causam

932 3274 966 3310 ex
979 3257 1109 3309 mandato
1120 3256 1255 3323 suscipere
1266 3257 1313 3323 083
1328 3271 1437 3308 causam

933 3345 967 3381 ex
1003 3345 1038 3382 m.
1076 3327 1167 3380 dicere
1198 3330 1249 3395 69;·
1285 3326 1437 3378 criminales

933 3415 1026 3452 causas
1056 3415 1107 3466 per
1133 3397 1294 3450 mandatum
1322 3397 1437 3450 conmit-

931 3473 990 3522 tere
1002 3473 1050 3536 683
1069 3469 1239 3536 questionem
1258 3485 1308 3535 per
1326 3485 1361 3521 m.
1382 3468 1437 3537 agi·

931 3545 990 3592 tare
1016 3544 1062 3608 673
1091 3539 1226 3608 questioni
1250 3556 1301 3606 per
1325 3556 1362 3591 m.
1390 3539 1436 3590 ali-

932 3628 1013 3680 quem
1041 3611 1157 3664 subdere
1185 3614 1227 3665 67.
1256 3612 1306 3678 083
1336 3610 1438 3663 femina

932 3698 1041 3736 causam
1059 3698 1109 3750 per
1126 3700 1163 3736 m.
1180 3698 1236 3733 non
1248 3681 1438 3749 suscipiat.68;

931 3754 1046 3806 maritus
1071 3769 1126 3806 non
1151 3753 1209 3804 sine
1226 3751 1357 3805 mandato
1377 3769 1438 3805 cau·

932 3841 990 3877 sam
1003 3824 1076 3877 dicat
1094 3823 1186 3877 uxoris
1200 3826 1246 3890 69;
1266 3823 1300 3876 de
1312 3824 1438 3892 turpibus

933 3900 961 3949 et
987 3894 1089 3948 illicitis
1119 3895 1201 3948 rebus
1228 3894 1336 3946 nullum
1365 3937 1371 3949 .
1398 3934 1405 3947 .
1432 3937 1437 3949 .

932 3965 1092 4020 mandatum
1119 4008 1124 4020 .
1152 4008 1158 4020 .
1186 4008 1191 4020 .
1218 3965 1309 4018 valeat
1333 3968 1377 4020 80.
1405 3995 1437 4004 -

932 4039 1064 4091 scelerum
1085 4036 1215 4089 mandata
1233 4035 1340 4088 deferre
1360 4039 1420 4091 101.

896 4126 1007 4162 manere
1027 4112 1086 4164 198.

896 4179 1069 4233 manifestus:
1084 4177 1259 4231 manifestum
1274 4177 1439 4231 adulterium

934 4254 1001 4317 1083
1042 4249 1179 4303 manifesti
1216 4249 1333 4302 convicti
1371 4252 1438 4316 1395

932 4320 1076 4374 manifesta
1086 4319 1271 4374 fornicationis
1282 4321 1438 4388 causa1183

932 4391 1078 4445 manifesta-
1091 4391 1191 4444 iudicia
1202 4394 1261 4446 111.
1271 4393 1337 4458 203;
1352 4390 1439 4444 mani·

932 4463 1010 4516 festa·
1032 4462 1178 4516 necessitas
1209 4465 1259 4529 583
1295 4461 1439 4515 manifesta
