3218 5202
190 1636 216 1655 =
224 1619 273 1663 cod.
280 1620 334 1665 Eur.

247 1673 293 1716 82².

187 3982 213 4001 =
221 3965 270 4009 cod.
277 3965 331 4008 Eur.

245 4019 291 4064 323.

344 545 397 599 las
512 539 590 595 LEX
608 539 724 598 VISIG.
741 537 1011 598 REOOESSVIND.
1046 537 1117 607 ΠΠ,
1136 542 1162 607 2,
1180 540 1294 594 13-15.

343 743 479 806 quoque
502 726 538 786 et
562 723 604 787 de
627 721 811 806 nepotibus
840 721 953 785 forma
975 723 1140 786 servetur.
1188 719 1289 799 Quod
1312 719 1342 783 si
1364 723 1463 804 pater

344 813 387 877 de
410 811 464 874 his
486 810 589 875 rebus
612 810 745 892 aliquid
768 810 930 874 everterit
953 813 1015 874 aut
1037 829 1140 894 snper
1161 812 1308 892 tempus,
1339 809 1463 891 quodm

344 899 571 964 constitutum
599 901 661 976 est,
691 918 746 963 res
770 897 920 962 filiorum
942 901 1061 963 tenere
1083 897 1317 981 presumserit,
1348 896 1463 984 omnia

344 988 512 1053 derebus
535 987 608 1052 eius
631 987 701 1050 illis
725 986 814 1064 filiis,
846 988 889 1051 de
918 987 1015 1051 cuius
1043 988 1153 1051 matre
1176 1005 1230 1050 res
1254 1005 1326 1050 esse
1349 985 1463 1050 viden-

342 1079 410 1154 tur,
435 1079 471 1141 et
493 1075 690 1141 reddenda1²
717 1078 798 1138 sunt
821 1078 857 1140 et
881 1074 1102 1138 omnismodis
1125 1074 1312 1139 sarcienda.

745 1225 844 1284 ami.
875 1225 1059 1297 ANTIQUA.

344 1341 387 1405 si
419 1343 557 1406 mater
589 1341 634 1403 in
661 1340 886 1404 viduitate
921 1339 1230 1423 permanserit,
1267 1337 1464 1421 equalem

342 1428 608 1494 interfilios
630 1428 1057 1512 capiatportionem;
1080 1427 1246 1510 etquid
1267 1426 1463 1491 derebus

486 1518 688 1581 liliorum
712 1536 838 1600 agere
863 1516 1098 1581 conveniat
1122 1518 1310 1579 matrem.

448 1623 568 1702 Mater,
600 1624 629 1687 11
656 1623 692 1686 in
715 1623 886 1687 viduitate
913 1621 1153 1706 permanserit,
1186 1621 1343 1704 equalem
1372 1621 1464 1685 inter

342 1713 432 1777 filios
462 1733 554 1789 suos,
590 1712 627 1775 id
657 1714 710 1776 est
744 1710 881 1794 qualem
914 1711 1148 1793 unusquisque
1182 1730 1223 1774 ex
1257 1709 1350 1787 filiis,
1386 1730 1463 1773 usu·

342 1801 591 1866 fructuariam·
608 1800 650 1864 de
665 1799 835 1863 facultate
852 1799 968 1863 mariti
986 1799 1114 1864 habeat
1129 1797 1336 1882 portionem;
1360 1819 1463 1880 quam

342 1909 450 1972 nsque
480 1890 525 1953 ad
551 1891 688 1972 tempus
710 1888 780 1953 vite
809 1907 869 1952 sue
895 1886 1154 1951 usufructuario
1181 1887 1255 1952 iure
1278 1886 1463 1970 possideat.

344 1977 505 2042 Ceterum
532 1997 596 2041 nec
625 1977 753 2041 donare
781 1996 845 2040 nec
867 1976 1008 2040 vindere
1036 1994 1100 2039 nec
1127 1975 1189 2038 uni
1217 1996 1258 2039 ex
1283 1974 1363 2038 filiis
1387 1995 1464 2038 con·

341 2067 433 2130 ferre
456 2067 641 2149 presumat.
684 2063 785 2143 Quod
808 2064 838 2127 si
860 2084 936 2128 eam
959 2063 1023 2127 filii
1045 2063 1240 2147 portionem
1262 2063 1373 2146 ipsam
1395 2083 1463 2126 ma·

342 2156 431 2218 trem
465 2155 618 2218 evertere
651 2173 711 2217 seu
745 2173 806 2236 per
838 2151 1092 2236 neclegentiam
1124 2151 1196 2215 sive
1228 2172 1289 2236 per
1319 2152 1463 2215 hodium

341 2244 433 2307 forte
451 2234 725 2326 prespexerintb,
750 2241 794 2304 ed
811 2241 971 2305 comitem
987 2240 1137 2304 civitatis
1161 2242 1223 2302 aut
1246 2241 1291 2304 ad
1313 2239 1463 2303 iudicem

341 2331 470 2395 referre
499 2350 570 2394 non
594 2329 765 2406 differant,
793 2331 835 2392 ut
857 2331 1004 2392 matrem
1026 2348 1088 2392 sua
1111 2328 1364 2392 contestatione
1388 2348 1463 2392 con·

342 2422 515 2496 moneant,
545 2438 589 2483 ne
616 2437 680 2494 res,
712 2437 797 2500 quas
824 2417 1118 2481 1111111111111110
1147 2417 1289 2500 accepit,
1320 2418 1462 2480 evertat.

342 2507 433 2571 Nam
459 2507 653 2584 usufructu,
681 2526 784 2588 quem
809 2506 885 2589 ipsa
913 2505 1030 2570 fuerat
1056 2507 1271 2588 perceptura,
1300 2505 1382 2568 dare
1407 2505 1463 2568 cui

341 2596 500 2672 voluerit,
524 2596 596 2659 filio
611 2594 667 2660 vel
683 2594 763 2672 filie,
787 2614 857 2656 non
872 2597 1018 2658 vetetur.
1066 2593 1134 2657 Sed
1158 2597 1194 2657 et
1216 2593 1308 2676 quod
1329 2594 1371 2658 de
1387 2593 1461 2676 ipso

341 2705 407 2748 usu
437 2683 502 2748 sibi
533 2682 650 2749 debito
679 2683 770 2746 iuste
800 2681 1000 2764 conquirere
1028 2681 1190 2765 potuerit,
1220 2681 1330 2747 iaciat
1358 2683 1461 2764 quod·

342 2793 487 2856 cumque
514 2773 569 2836 illi
596 2771 817 2836 omnismodis
844 2770 1030 2834 iustissime
1053 2769 1234 2854 placuerit.
1280 2768 1411 2834 Verum
1434 2769 1462 2832 si

342 2881 383 2925 ex
408 2881 449 2926 ea
471 2859 729 2925 usufructuaria
754 2859 913 2943 portione
942 2858 1073 2941 aliquid
1100 2858 1268 2942 probatur
1295 2878 1459 2935 eversum,

342 2949 421 3013 filiis
448 2953 528 3034 post
550 2950 696 3013 mortem
724 2947 844 3010 matris
868 2948 911 3010 de
934 2947 1007 3010 eius
1030 2946 1259 3010 facultatibus
1283 2947 1461 3010 sarciatur.

341 3037 425 3102 Post
448 3036 607 3101 hobitum
622 3056 702 3100 vero
721 3035 841 3098 matris
864 3035 986 3119 portio,
1011 3055 1114 3118 quam
1137 3038 1248 3099 meter
1270 3038 1460 3119 acceperat,

341 3127 386 3190 ad
409 3125 499 3190 filios
522 3125 692 3208 equaliter
713 3127 916 3201 revertatur,
941 3123 1022 3205 quia
1039 3144 1109 3186 non
1124 3126 1269 3206 possunt
1293 3124 1335 3188 de
1351 3127 1461 3207 pater·

340 3209 443 3278 111111(ἰ
480 3213 710 3278 hereditatem
743 3213 909 3276 fraudari.
963 3210 1064 3289 Quod
1093 3211 1123 3275 11
1152 3215 1263 3276 mater
1297 3212 1342 3276 ad
1377 3211 1461 3276 alias

340 3303 481 3386 nuptias
504 3303 595 3365 forto
610 3301 796 3378 transierit,
822 3321 863 3364 ex
886 3320 927 3365 ea
950 3299 1005 3364 die
1028 3299 1322 3364 usufructuariam
1337 3300 1462 3383 portio-

340 3411 429 3467 nem,
459 3410 562 3472 quam
586 3390 628 3454 de
652 3389 751 3453 bonis
773 3389 892 3454 meriti
913 3389 1029 3452 iuerat
1053 3392 1247 3465 consecuta,
1279 3388 1343 3451 filii
1369 3389 1463 3453 inter

340 3477 490 3560 reliquas
512 3497 566 3540 res
589 3480 762 3561 paternas,
786 3477 846 3559 qni
869 3498 910 3541 ex
933 3497 973 3541 eo
996 3477 1072 3540 nati
1094 3480 1176 3541 sunt
1200 3477 1369 3560 coniugio,
1391 3477 1462 3541 vin-

341 3566 516 3630 dicabunt.

748 3664 813 3720 xv.
843 3662 1052 3733 11111111.

340 3776 400 3841 Ne
420 3797 525 3840 uxor
545 3777 631 3841 sibi
649 3777 849 3840 vindicet
868 3776 1197 3859 quodmaritum
1214 3796 1306 3839 cum
1321 3777 1460 3841 servis

554 3866 647 3929 eius
672 3865 919 3947 adquisisse
943 3857 1246 3928 constiteritl‘.

447 3970 614 4035 Maritusl
643 3971 672 4034 si
702 3991 780 4034 cum
811 3971 916 4034 servis
946 3970 1060 4033 uxoris
1090 3990 1150 4034 sue
1181 3970 1312 4052 aliquid
1344 3971 1460 4053 adqui-

341 4059 436 4125 sierit
458 4059 514 4124 vel
537 4061 574 4123 in
590 4059 807 4143 expeditione
831 4058 963 4140 aliquid
986 4058 1074 4123 lucri
1096 4058 1204 4122 fuerit
1219 4062 1459 4136 consecutus0,

445 4215 476 4262 m)
490 4215 546 4252 deest
559 4213 606 4255 Bl.
660 4213 684 4260 n)
698 4210 814 4253 reddenda
828 4213 874 4256 131.

445 4267 521 4309 XIIII.
561 4269 583 4314 a)
597 4267 764 4306 usufructuario
779 4267 826 4309 121.
880 4266 904 4315 b)
918 4267 1081 4316 presumserint
1094 4266 1141 4309 aa.
1195 4268 1215 4315 o)
1231 4265 1399 4306 usufructuario
1413 4267 1460 4308 122.

339 4317 363 4372 d)
378 4322 473 4368 paterna
487 4317 615 4359 hereditate
628 4320 649 4358 B
658 4319 677 4361 2,
863 4323 866 4328 “
1308 4323 1311 4328 ’

333 4425 336 4432 ,
445 4373 492 4416 XV.
533 4373 555 4420 a)
570 4373 626 4411 dwst
640 4373 688 4415 Ra.
742 4372 765 4420 b)
780 4371 901 4423 contigerit
914 4372 961 4415 a1.
1016 4374 1037 4420 o)
1051 4375 1190 4412 convexatus
1205 4372 1251 4415 Rl.

339 4497 366 4563 1)
384 4497 426 4559 of.
444 4497 476 4549 <a
494 4495 544 4549 aa
563 4496 616 4562 aa
633 4496 786 4564 saroam,
809 4481 910 4551 ‘caca
929 4496 974 4549 aa
991 4495 1055 4552 aaa.
1070 4496 1189 4551 cam!
1207 4496 1232 4562 1,
1248 4513 1277 4564 p.
1292 4497 1352 4551 136.
