3218 5202
295 523 330 578 o4
496 518 574 573 anx
592 516 708 574 vrsrc.
726 512 995 572 naconssvnvn.
1031 514 1071 585 11,
1089 519 1114 584 a,
1134 518 1213 572 v-o.

294 703 420 779 fuerat,
445 703 593 785 dirigere
616 705 705 765 non⁰
730 701 893 764 moretur.
940 697 986 761 Ilt
1009 699 1038 762 si
1061 702 1139 784 post
1162 700 1227 764 hoc
1252 700 1420 782 equitatis

294 792 461 855 iudicium
496 790 649 874 patuerit
683 788 872 873 presumtio
908 787 1136 871 pignerantis,
1174 789 1344 872 ingenuus
1375 790 1419 851 si-

295 881 434 963 quidem
458 900 507 956 ea,
532 899 597 962 que
622 899 724 942 causa
747 876 897 961 pigneris
921 876 1076 954 abstulit,
1102 876 1253 960 duplam,
1278 871 1335 940 idf
1363 881 1420 941 est

295 970 454 1032 amissam
477 988 549 1032 rem
573 972 670 1032 cum⁰
692 966 796 1030 simili
818 970 877 1029 reg
902 957 960 1027 inh
980 965 1218 1030 satisfactione
1241 967 1418 1030 restituat.

297 1057 427 1124 Servus
445 1060 571 1132 autem,
596 1057 656 1139 qui
677 1054 764 1118 talia
788 1054 1012 1120 commississe
1034 1054 1219 1137 detegitur,
1237 1065 1259 1120 c
1275 1048 1408 1119 hictusi

296 1147 443 1230 accipiat
472 1144 688 1229 flagellorum
718 1145 829 1226 adque
851 1143 1001 1267 turpiter
1024 1143 1223 1207 decalvatus
1246 1137 1304 1206 ink
1330 1144 1418 1207 inte

295 1255 395 1318 grum
411 1256 490 1299 mox
505 1235 671 1298 reformet
686 1253 768 1310 rem,
793 1252 896 1315 quam
933 1251 1037 1295 causa
1051 1233 1203 1315 pigneris
1219 1233 1418 1316 occupabit.

296 1323 356 1386 Illi
377 1343 468 1400 vero,
493 1324 553 1406 qui
576 1322 620 1386 ad
643 1321 895 1407 pignerandum
919 1321 1156 1384 convenerint:
1182 1321 1211 1384 si
1234 1322 1322 1385 servi
1346 1321 1419 1384 sint

296 1415 331 1477 et
355 1432 416 1475 suo
440 1415 561 1496 sponte
590 1411 834 1488 concurrerint,
866 1409 1020 1473 centenis
1044 1412 1079 1473 et
1101 1410 1168 1492 ipsi
1190 1411 1419 1474 verberentur

294 1500 457 1584 flagellis;
493 1501 523 1564 si
551 1520 633 1565 vero
663 1499 818 1582 ingenui,
855 1498 945 1561 aliut
977 1501 1115 1561 tantum
1151 1498 1289 1562 domino
1320 1499 1419 1562 resti-

294 1593 406 1666 tuant,
431 1592 599 1672 quantum
623 1589 655 1653 ei
678 1588 861 1652 abstulisse
884 1587 1085 1670 probantur,
1110 1590 1324 1669 sequestrata
1339 1609 1419 1651 con-

295 1679 494 1762 positionem
517 1678 621 1755 illius,
645 1678 705 1760 qui
728 1677 853 1760 pignus
876 1674 1030 1739 indebite
1046 1675 1169 1739 fecisse
1188 1677 1418 1740 convincitur.

692 1828 775 1886 vm.
806 1827 1014 1898 ANTIQUAa.

339 1926 400 1990 De
425 1927 508 2003 his,
540 1926 678 2008 quiin
702 1917 1056 1988 causisalienisb
1084 1925 1369 2008 patrocinare

686 2013 1017 2098 presumserint.

403 2119 792 2204 Quicumque1habens
816 2139 955 2183 eausam
978 2119 1023 2182 ad
1046 2118 1209 2182 maiorem
1233 2140 1417 2204 personam

295 2229 330 2273 se
353 2213 536 2293 propterea
559 2209 754 2286 contulerit,
786 2212 826 2271 ut
853 2208 890 2270 in
917 2208 1046 2272 iudicio
1069 2228 1130 2292 per
1152 2207 1247 2272 illius
1270 2209 1416 2292 patroci-

294 2299 410 2361 nium⁰
430 2298 663 2362 adversarium
679 2318 778 2361 suum
794 2297 902 2381 possit
918 2297 1120 2380 obprimere,
1138 2297 1248 2380 ipsam
1265 2317 1413 2373 causam,

295 2387 337 2451 de
368 2407 435 2470 qua
465 2387 588 2470 agitur,
625 2387 690 2450 etsi
724 2387 816 2449 iusta
845 2385 966 2463 fuerit,
1003 2386 1101 2467 quasi
1129 2386 1242 2450 victus
1272 2385 1413 2469 perdat;

294 2477 398 2540 iudex
428 2477 557 2552 autem,
593 2470 693 2538 mond
725 2475 851 2539 viderit
880 2494 1128 2556 quemcumque
1163 2477 1342 2558 potentem
1376 2475 1414 2537 in

295 2568 452 2628 causame
480 2563 665 2629 cuiuslibet
688 2563 906 2648 patrocinari,
934 2562 1038 2627 liceat
1061 2563 1094 2626 ei
1117 2563 1159 2626 de
1182 2563 1311 2626 iudicio
1335 2584 1416 2626 eum

294 2646 489 2718 habiceref.
532 2651 633 2731 Quod
657 2653 685 2715 si
708 2654 831 2737 potens
855 2652 1075 2716 contemserit
1097 2651 1256 2728 iudicem,
1282 2655 1317 2716 et
1339 2673 1415 2734 pro-

293 2745 388 2806 terve
418 2743 589 2819 resistens,
621 2742 663 2806 de
690 2741 841 2804 iudiciog
867 2741 985 2823 egredi
1006 2740 1063 2804 vel
1085 2739 1200 2804 locum
1224 2741 1305 2804 dare
1328 2741 1415 2802 iudi-

295 2832 388 2894 canti
409 2831 571 2908 noluerit‚
595 2833 804 2914 potestatem
827 2829 955 2893 habeat
978 2829 1082 2892 iudex
1105 2829 1147 2892 ab
1171 2829 1246 2913 ipso
1271 2832 1414 2912 potente

294 2920 380 2983 duas
414 2921 490 2983 auri
525 2912 656 2983 librash
690 2919 825 3001 exigere
862 2921 897 2982 et
931 2917 1024 2981 hunc
1053 2918 1180 2980 iniuria
1208 2917 1361 2982 violenta
1392 2939 1414 2980 a
1448 2951 1482 2988 a.

293 3009 420 3072 iudicio
443 3009 655 3092 propulsare.
699 3006 838 3089 Reliqui
860 3026 940 3070 vero
964 3007 1106 3089 ingenui
1129 2999 1207 3071 seui
1230 3007 1326 3083 servi,
1351 3007 1413 3089 qui

293 3099 463 3161 admoniti
485 3119 505 3160 a
527 3097 641 3161 iudice
671 3097 854 3160 abscedere
885 3089 950 3159 dck
982 3095 1110 3158 iudicio
1140 3115 1210 3158 non
1238 3115 1414 3160 consense-

292 3187 373 3264 rint,
399 3186 526 3268 singuli
549 3185 687 3269 publice
710 3185 943 3249 extendantur
966 3186 1001 3248 et
1025 3185 1275 3266 quinquagenis
1297 3184 1413 3266 flagel-

293 3274 404 3338 lorum
427 3274 579 3338 hictibus
602 3274 837 3339 verberentur.

478 3427 578 3484 VIIII.
608 3425 776 3482 FLAVIUS
796 3424 1108 3481 ONINDASVINDUS
1127 3425 1214 3482 REX.

292 3524 373 3587 Uta
393 3522 566 3607 petenti
589 3541 712 3586 servo
736 3520 882 3584 alieno
905 3521 1170 3604 respondere
1194 3521 1411 3604 ingenuus

701 3631 785 3673 non
814 3611 1000 3674 recuset.

400 3710 599 3801 Superflueb
626 3719 866 3781 excusantem⁰
894 3716 950 3780 lex
972 3716 1050 3780 ideo
1075 3710 1251 3800 corripitd,
1279 3719 1320 3778 ut
1342 3735 1411 3778 om-

292 3808 345 3870 nis
375 3807 563 3891 presumtio
593 3805 742 3870 coerceri
768 3804 934 3869 facillime
961 3805 1079 3888 possit.
1125 3803 1295 3868 Nonnulli
1318 3804 1411 3868 enim

399 3963 549 4009 e)dccatRl.
617 3957 931 4010 neidemproidestlll.
997 3961 1020 4007 g)
1038 3969 1085 3999 rem
1099 3959 1145 4002 Rl.
1214 3959 1237 4007 h)
1252 3959 1284 3997 tta
1298 3959 1343 4000 121.
1358 3957 1410 4006 E1,·

292 4017 347 4056 deest
361 4015 409 4057 122.
425 4015 447 4053 Ε
454 4015 473 4058 2,
539 4015 556 4064 i)
570 4015 643 4055 hictos
657 4015 706 4057 122.
773 4013 798 4062 k)
811 4013 922 4062 integram
932 4023 977 4061 pro
991 4012 1015 4051 ln
1028 4012 1141 4061 integrum
1156 4013 1203 4056 121.
1273 4011 1289 4060 l)
1305 4021 1348 4060 que
1363 4011 1410 4053 Rl.

291 4073 322 4118 m)
336 4072 461 4164 conpotdiillo.
474 4069 523 4169 Rd)
537 4122 593 4160 deest
607 4121 656 4162 R2.
716 4120 739 4169 b)
753 4120 809 4158 deest
824 4119 871 4161 Rl.
931 4119 952 4166 c)
965 4118 1092 4166 patrocinio
1106 4119 1153 4160 ΕΙ.
1220 4115 1244 4166 d)
1257 4121 1283 4157 ut
1297 4119 1348 4160 add.
1362 4118 1410 4159 Εἳ.

292 4178 313 4224 e)
327 4186 395 4216 causa
408 4177 454 4218 121.
514 4173 668 4224 nabscedere
682 4174 731 4216 aa
791 4175 813 4222 g)
827 4169 936 4212 iudicium
950 4172 996 4214 ΕΙ.
1057 4172 1082 4219 h)
1095 4171 1130 4211 sui
1144 4171 1275 4220 profuturus
1290 4171 1341 4213 add.
1354 4171 1408 4220 Βῆ

291 4241 359 4268 unam
372 4230 416 4269 sibi
430 4230 523 4270 alteram
537 4228 598 4278 parti
613 4229 661 4268 eius
676 4227 713 4266 cul
725 4230 805 4276 potens
820 4226 869 4275 ipse
883 4222 1027 4265 adversarius
1042 4225 1119 4265 extitit
1134 4225 1184 4268 odd.
1198 4224 1224 4268 E.
1267 4225 1284 4272 i)
1298 4225 1347 4264 sivo
1361 4224 1409 4266 122.

291 4283 314 4332 k)
329 4294 342 4323 ⁸
356 4283 472 4379 nam
513 4337 534 4383 a)
548 4335 604 4372 coar
618 4334 664 4374 nr.
745 4333 768 4381 a)
782 4332 901 4382 superflua
914 4332 961 4377 ιιι.
975 4331 1020 4374 nr.
1102 4332 1122 4380 a)
1139 4335 1262 4372 excusante
1275 4329 1410 4382 a2;1uci.

291 4394 378 4430 cantem
393 4391 439 4432 121.
494 4387 516 4436 d)
531 4389 628 4436 corripet
642 4387 688 4428 ΕΙ.

291 4497 317 4565 1)
335 4497 376 4562 Cf.
395 4497 427 4551 L.
446 4495 522 4550 Rom.
541 4495 595 4549 Vis.
609 4494 637 4549 G.
655 4493 703 4547 Tb.
722 4493 858 4560 H,13,1.
