3220 5212
348 535 384 588 ae
579 527 657 582 nux
675 525 790 585 VlSIG.
809 525 1078 584 succussvnvo.
1115 526 1154 596 n,
1168 530 1192 594 1,
1211 528 1237 582 e.

350 707 593 796 conpassionetl
626 712 803 795 prodesse;
837 711 930 774 unde
961 708 1049 773 solet
1080 711 1289 792 contingere,
1320 715 1362 774 ut
1392 710 1471 795 plus

350 801 518 866 commodi
543 801 585 864 de
609 800 742 865 alieua⁰
771 799 883 863 salute
908 799 1097 882 conquirat,
1130 819 1233 881 quam
1262 799 1304 864 de
1332 801 1473 884 propria

349 890 528 954 hutilitate
552 881 717 972 quisquef
736 888 914 972 percipiat.
962 888 1005 949 In
1022 886 1140 950 multis
1157 888 1258 964 enim,
1284 889 1365 971 quia
1385 888 1472 952 mul·

348 983 463 1044 torum
487 977 579 1042 salus
603 977 814 1053 adtenditur,
842 977 980 1040 maioris
1004 975 1091 1040 lucri
1115 996 1248 1039 summa
1271 978 1471 1061 percipitur.

349 1067 393 1132 In
424 1088 459 1132 se
490 1070 615 1144 autem,
650 1067 730 1150 quia
760 1065 887 1150 privati
918 1065 1086 1129 commodi
1116 1064 1252 1128 fructus
1282 1066 1470 1150 adpetitur,

348 1160 440 1221 nong
466 1157 549 1220 satis
579 1159 641 1233 est,
673 1156 701 1218 si
732 1155 835 1218 unius
865 1153 1024 1218 beneficii
1052 1154 1183 1237 premia
1211 1155 1471 1236 conquirantur.

349 1244 442 1310 Hinc
466 1249 502 1310 et
524 1237 607 1308 illah
627 1244 857 1328 regendarum
880 1243 1088 1307 tantundem
1111 1242 1204 1306 salus
1228 1247 1280 1307 est
1303 1242 1470 1328 plebium,

349 1355 415 1417 que
438 1355 508 1399 non
532 1354 609 1398 suos
633 1334 718 1397 fines
742 1333 877 1416 privata
899 1330 1080 1395 voluntate
1105 1331 1290 1410 concludit,
1320 1333 1381 1396 sed
1404 1352 1471 1416 que

348 1423 584 1487 universitatis
600 1421 728 1486 limites
745 1420 920 1485 communi
935 1413 1189 1504 prosperitatis¹
1206 1419 1283 1503 lege
1296 1420 1470 1486 defendit:

349 1510 575 1596 Quapropter,
588 1531 633 1575 ne
646 1510 806 1574 salutaris
819 1510 902 1573 ordo
915 1508 1150 1593 imperialibus
1161 1503 1342 1572 videaturk
1357 1509 1472 1574 verbis

350 1602 463 1685 potius
487 1599 636 1665 obtineri
664 1619 768 1682 quam
790 1598 904 1675 factis
937 1599 980 1661 de
1003 1597 1227 1661 sublimitatis
1251 1597 1399 1661 obtentu
1421 1620 1472 1663 re-

349 1689 517 1755 clinamus
533 1690 578 1752 ad
592 1691 673 1752 vota
689 1687 884 1772 supplicum
898 1686 1088 1768 tranquille
1100 1687 1240 1750 visionis
1256 1682 1471 1771 aspectum¹,

347 1783 388 1843 ut
417 1779 499 1843 inde
529 1777 689 1840 salutaris
721 1777 928 1859 conpassiom
955 1776 1083 1839 habeat
1114 1776 1345 1852 commodum,
1376 1778 1472 1842 unde

347 1871 460 1931 turme
495 1865 650 1950 plebium
684 1866 809 1949 adepte
841 1865 973 1928 fuerint
1002 1863 1264 1948 supplicationis
1295 1864 1471 1929 effectum.

350 1954 457 2020 (lumn
484 1955 591 2038 igitur
613 1954 872 2038 precedentium
896 1953 982 2017 serie
1005 1957 1200 2036 temporum
1223 1953 1472 2018 inmoderatior

348 2044 515 2108 aviditas⁰
543 2043 737 2127 principum
767 2048 860 2106 sesep
892 2062 1001 2126 prona
1031 2041 1242 2106 diffunderet
1271 2043 1309 2104 in
1338 2043 1471 2126 ispoliis

861 2132 868 2145 ·
1006 2131 1013 2144 ·
1043 2135 1058 2177 s
1462 2165 1472 2175 .

347 2133 880 2296 {diffiduciastis}
900 2151 1047 2303 illst
1067 2131 1465 2302 destituatis

348 2310 446 2374 nobis
476 2314 529 2374 est
557 2310 722 2373 divinitus
752 2309 968 2392 inspiratum,
1000 2312 1050 2384 ut,
1082 2308 1163 2390 quia
1188 2308 1351 2372 subiectis
1375 2309 1470 2392 leges

346 2394 557 2464 reverentiet
602 2399 819 2474 dederamus,
866 2398 1061 2481 principum
1100 2417 1235 2480 quoque
1275 2398 1470 2462 excessibus

346 2487 577 2552 retinaculum
610 2487 839 2570 temperantis
877 2505 1090 2570 poneremus
1148 2485 1297 2549 Proinde
1336 2487 1471 2550 sincera

347 2577 621 2640 mansuetudinis
657 2575 905 2640 deliberatione
946 2578 1020 2638 tam
1058 2574 1157 2640 nobis
1193 2595 1296 2657 quam
1333 2577 1468 2638 cunctis

346 2669 462 2729 nostre
499 2664 633 2748 glorieu
664 2663 916 2728 successoribus
954 2663 1140 2741 adfuturis,
1177 2663 1252 2726 Deo
1282 2664 1467 2743 mediante,

346 2754 459 2836 legem
497 2755 654 2838 ponimus
690 2755 934 2834 decretumque
975 2751 1097 2816 divalis
1137 2751 1353 2816 observantie
1395 2774 1469 2836 pro·

345 2843 578 2925 mulgemusv:
614 2846 655 2905 ut
690 2841 808 2906 nullus
842 2861 963 2924 regum
997 2840 1201 2924 inpulsionis
1237 2861 1297 2904 sue
1322 2841 1469 2926 ‘quibus-

346 2951 491 3014 cumque
526 2932 677 2996 motibus
707 2935 768 2994 aut
797 2929 1008 2993 factionibus
1038 2930 1225 3013 scripturas
1259 2931 1301 2993 de
1331 2930 1468 3011 quibus-

346 3020 431 3084 libet
446 3020 548 3084 rebus
565 3020 691 3085 alteriw
707 3020 833 3084 debitis
857 3019 907 3082 ita
926 3022 1129 3101 extorqueat
1143 3018 1199 3082 vel
1215 3020 1468 3100 extorquendas

345 3109 516 3185 instituat,
549 3113 719 3192 quatenus
749 3109 877 3171 iniuste
906 3109 970 3171 hac
999 3107 1158 3172 nolenter
1182 3106 1378 3171 debitarum
1402 3108 1468 3171 sibi

345 3199 488 3280 quisque
516 3199 643 3281 privari
666 3198 774 3280 possit
799 3197 950 3260 dominio
973 3216 1097 3260 rerum.
1145 3193 1246 3274 Quod
1270 3197 1298 3259 si
1322 3196 1468 3260 alicuius

345 3286 540 3369 gratissima
568 3286 759 3350 volumtate
790 3286 967 3369 quippiam
997 3287 1039 3350 de
1068 3285 1172 3349 rebus
1203 3305 1223 3348 a
1252 3304 1467 3368 quocumque

345 3375 538 3458 perceperit
560 3374 615 3438 vel
643 3395 705 3457 pro
729 3374 881 3438 evidenti
911 3374 1122 3457 prestatione
1152 3373 1306 3437 lucratus
1335 3373 1468 3456 aliquid

344 3462 461 3540 fuerit,
486 3464 523 3525 in
547 3463 667 3526 eadem
691 3463 917 3546 scripturam¹
936 3466 1058 3546 patens
1081 3462 1282 3526 volumtatis
1306 3464 1370 3526 hac
1395 3482 1467 3545 pre-

346 3551 419 3614 stiti
437 3551 592 3614 condicio
610 3552 805 3628 adnotetur,
830 3571 890 3635 per
909 3572 1011 3634 quam
1036 3555 1096 3614 aut
1119 3551 1285 3634 inpressio
1301 3551 1467 3635 principis

452 3773 477 3827 d)
496 3777 528 3815 ita
549 3777 598 3819 121.
619 3777 638 3816 E
652 3777 678 3826 2,·
706 3777 825 3826 oonpsrsio
846 3787 871 3816 se
891 3777 944 3827 1223
974 3775 1123 3824 conpar-sione
1143 3775 1191 3816 El.
1281 3777 1302 3823 e)
1323 3775 1397 3830 aliene
1417 3776 1467 3818 121.

346 3829 427 3879 Oquls
442 3830 491 3872 121.
550 3830 573 3882 g)
587 3841 627 3870 nos
642 3831 691 3873 121.
749 3831 773 3879 h)
787 3831 849 3869 illam
864 3831 912 3871 ΕΙ.
967 3830 983 3876 i)
996 3828 1142 3877 prosperitati
1156 3828 1204 3870 Ra.
1258 3827 1283 3875 k)
1296 3825 1467 3872 videntur-131.

346 3884 361 3930 l)
375 3884 408 3921 ita
417 3883 576 3933 E1.a.cone.,·
590 3888 705 3932 espeotum
719 3885 773 3935 1223
789 3883 894 3923 affectum
904 3883 951 3924 121.
991 3882 1022 3934 m)
1036 3882 1165 3931 consparsio
1175 3882 1222 3923 Ra.
1231 3881 1253 3920 E
1258 3884 1277 3924 1.
1317 3884 1341 3930 n)
1355 3883 1411 3920 deest
1420 3883 1466 3925 ΕΙ,

345 3934 542 3985 o)apldltasR1.
583 3936 1009 3987 p)itaE2;esseR1.a;eeeetE1.
1051 3938 1074 3985 q)
1088 3935 1192 3984 publicae
1207 3935 1254 3978 Et.
1268 3934 1341 3977 Vns.
1387 3937 1466 3983 r)ta1n

346 3988 374 4028 de
389 3990 437 4031 ΕΙ.
518 3993 537 4039 s)
551 3988 659 4030 adflatum
673 3992 751 4034 Rus.
832 3993 850 4039 t)
864 4001 881 4032 r.
896 3987 1024 4028 deferamus
1039 3990 1092 4040 R1;
1114 3987 1255 4029 deferendae
1270 3986 1403 4028 dederamus
1418 3989 1466 4032 Rs.

345 4045 397 4091 u)a
412 4043 525 4086 acum.
580 4047 603 4093 v)
617 4044 782 4094 promultamus
797 4045 846 4086 Rl.
900 4042 1021 4091 w)slteris
1036 4043 1085 4085 ΕΙ.
1138 4044 1162 4092 x)
1176 4043 1209 4080 lta
1222 4043 1271 4085 121.
1281 4043 1299 4084 2.

345 4220 382 4270 ad
399 4220 493 4272 calcem
511 4222 641 4276 traditur.
678 4222 739 4288 Res,
765 4236 833 4288 quas
856 4236 906 4272 rec
930 4220 980 4272 hac
1006 4220 1060 4285 leqe
1084 4220 1227 4286 ordinavit,
1254 4220 1334 4271 amm
1360 4220 1466 4286 inipso

345 4292 454 4343 concilio
470 4294 589 4357 usitatae
607 4299 701 4355 erant,·
718 4293 753 4358 cf.
771 4293 914 4359 maeeipee
931 4292 1046 4346 can.10.
1067 4290 1143 4345 eoo.
1162 4292 1205 4344 cit.
1224 4297 1247 4342 et
1266 4289 1381 4342 Consilii
1397 4293 1465 4342 eius-

345 4363 402 4413 dem
429 4363 576 4415 ‘Decretum
601 4365 698 4415 iudicii
721 4364 883 4415 universalis
909 4364 1008 4414 editum
1036 4363 1066 4412 in
1089 4363 1194 4414 nomiae
1215 4361 1370 4429 principis,
1399 4362 1466 4412 actis

344 4434 494 4489 subortum.
539 4435 599 4486 Rea
629 4435 708 4500 leuem
737 4440 857 4487 nostram
888 4435 986 4486 decreti
1014 4433 1091 4484 illius
1121 4433 1253 4484 occasione
1280 4433 1466 4500 prosculqasse

343 4505 456 4560 ridetur.
