3218 5202
316 533 352 586 94
511 529 588 585 LEX
608 529 721 586 VISIG.
740 529 1010 588 REOOESSVIND.
1046 530 1100 600 ΠΙ,
1120 535 1237 595 2‚1--3.

316 713 487 796 procreati
510 716 580 790 aut,
606 714 635 776 si
657 713 721 776 filii
744 714 879 788 desunt,
906 713 967 777 alii
989 715 1133 778 heredes
1156 734 1217 798 per
1239 714 1363 778 iudicis
1386 715 1435 777 in·

316 794 500 865 stantiamb
535 805 797 885 consequantur.
851 800 963 881 Quam
994 803 1124 867 idcirco
1153 803 1332 867 mulierem
1362 823 1436 886 pre·

316 891 415 1015 ΨΘ
445 890 527 1042 hit
550 890 924 1043 1111111111
943 892 1337 1044 diiiiffiifldiriii’
1351 912 1435 1044 dl

316 1000 485 1132 {englaard
515 1000 657 1131 seffiirndi
687 1000 838 1152 coniugii
866 1031 949 1132 vota
977 1068 1122 1132 festinat
1145 1068 1200 1132 vel
1224 1068 1435 1132 adulterium

315 1159 501 1239 perpetrat,
526 1175 621 1239 spem
638 1159 767 1239 partus,
792 1157 1005 1240 priusquam
1021 1159 1192 1233 nascatur,
1218 1157 1434 1240 extinguat0.
1463 1187 1488 1223 a.

746 1362 785 1420 11.
816 1361 1000 1432 nunqua

316 1474 359 1538 si
386 1473 544 1539 mulier
571 1474 762 1558 ingenua
789 1495 912 1539 servo
939 1475 1008 1539 vel
1037 1475 1201 1538 liberto
1231 1475 1431 1558 proprioa

671 1583 763 1628 sese
795 1563 1072 1629 conmisccat.

422 1668 480 1733 Si¹
508 1670 659 1752 ingenua
687 1670 810 1734 mulier
837 1689 934 1734 servo
958 1663 1040 1734 suob
1067 1669 1123 1733 vel
1147 1669 1284 1753 proprio
1307 1669 1434 1732 libe1to

314 1777 350 1820 se
379 1758 416 1820 in
447 1757 617 1822 adulterio
652 1758 828 1822 miscuerit
862 1761 942 1821 aut⁰
977 1757 1124 1822 forsitan
1157 1778 1237 1821 eum
1271 1758 1435 1821 maritum

314 1845 442 1910 habere
464 1845 633 1910 voluerite
655 1849 690 1909 et
714 1867 755 1911 ex
778 1846 843 1910 hoc
867 1846 1052 1910 manifesta
1074 1840 1335 1930 probationem‘1
1359 1866 1435 1910 con-

313 1934 473 2011 vincitur,
498 1935 690 2010 occidatur;
715 1935 766 1998 ita
788 1938 829 1997 ut
853 1934 990 1998 adulter
1013 1938 1049 1999 et
1073 1934 1232 1998 adultera
1252 1937 1333 1998 ante
1349 1934 1434 1996 iudi-

314 2027 407 2086 cem⁰
425 2023 563 2107 publice
579 2023 792 2106 fustigentur
808 2027 843 2087 et
858 2023 996 2106 ignibus
1013 2015 1308 2087 concrementurf.
1347 2022 1434 2086 Oum

314 2113 430 2175 autem
454 2132 515 2195 per
536 2115 671 2175 reatum
693 2114 766 2174 tam
784 2112 896 2195 turpis
913 2111 1078 2175 admissi⁸
1097 2112 1303 2194 quicumque
1319 2111 1432 2187 iudex,

313 2199 351 2261 in
373 2219 586 2282 quacumque
610 2201 708 2283 regni
730 2201 841 2264 nostri
864 2201 1041 2283 provincia
1063 2192 1307 2276 constitutush,
1333 2221 1433 2283 agno·

312 2281 419 2352 veriti
443 2288 615 2352 dominam
639 2309 735 2352 servo
760 2281 842 2352 suoll
869 2289 939 2352 sive
955 2282 1158 2372 patronamk
1184 2288 1310 2352 liberto
1326 2288 1433 2350 fuisse

314 2376 542 2452 coniunctam,
568 2398 624 2441 eos
648 2397 805 2461 separare
829 2398 898 2441 non
922 2377 1077 2452 differat;
1101 2377 1153 2439 ita
1174 2380 1215 2438 ut
1239 2377 1329 2440 bona
1349 2377 1433 2440 eius·

315 2459 410 2528 dem¹
440 2465 593 2530 mulieris
617 2469 687 2541 aut,
712 2465 742 2529 si
769 2469 850 2528 sunt
874 2466 916 2529 de
940 2465 1009 2528 alio
1030 2465 1105 2528 viro
1130 2465 1246 2529 idonei
1269 2464 1341 2542 filii,
1368 2464 1433 2528 evi-

315 2553 436 2617 denter
451 2554 641 2629 obtineant
667 2557 728 2618 aut
751 2554 951 2638 propinquis
971 2553 1043 2618 eius
1060 2553 1165 2636 legali
1189 2552 1434 2616 successionem

313 2642 505 2724 proficiant.
541 2640 641 2721 Quod
665 2642 694 2706 si
716 2662 823 2724 usque
847 2643 891 2705 ad
913 2642 1057 2706 tertium
1075 2642 1221 2725 gradum
1238 2641 1430 2705 defecerit¹l

313 2729 421 2808 heres,
446 2734 530 2795 tunc
554 2731 669 2795 omnia
691 2732 792 2794 fiscus
816 2733 972 2814 usurpet;
998 2751 1039 2794 ex
1062 2730 1127 2794 tali
1150 2730 1242 2794 enim
1261 2729 1432 2793 consortio

313 2818 401 2882 filios
436 2823 633 2903 procreatos
668 2819 852 2883 eonstitui⁰
880 2839 950 2882 non
985 2822 1121 2902 oportet
1156 2819 1310 2882 heredes.
1364 2817 1433 2880 Illa

311 2927 401 2983 vero,
426 2928 487 2972 seu
501 2908 607 2991 virge,
632 2928 693 2972 seu
707 2907 813 2971 vidua
827 2908 945 2983 fuerit,
970 2928 1094 2990 penam
1110 2907 1259 2990 excipiat
1275 2907 1433 2990 superius

313 2997 591 3079 conprehensam.
639 2994 740 3075 Quod
770 2996 799 3059 si
829 2996 873 3058 ad
901 2995 1025 3058 altaria
1053 2998 1172 3060 sancta
1196 2995 1429 3078 confugeritl',

313 3084 460 3148 donetur
483 3106 504 3148 a
526 3105 616 3169 rege,
645 3085 702 3148 cui
728 3085 859 3147 iussum
882 3084 999 3160 fuerit,
1030 3083 1229 3167 perenniter
1252 3083 1430 3148 servitura.

735 3289 791 3346 ΠΙ.
819 3287 1004 3359 ANTIQUA.

312 3400 356 3465 Si
379 3400 536 3466 mulier
558 3402 750 3485 ingenua
773 3423 897 3466 servo
921 3402 1084 3479 alieno,
1116 3422 1190 3466 seu
1213 3403 1430 3486 ingenuus

494 3489 658 3554 ancille
689 3490 834 3555 aliene
864 3511 958 3555 sese
989 3490 1239 3574 coniungat.

419 3593 477 3658 Si²
499 3594 623 3659 mulier
646 3595 797 3679 ingenua
820 3617 916 3660 servo
941 3597 1063 3674 alieno,
1088 3597 1158 3661 sive
1181 3597 1281 3680 regis,
1306 3617 1342 3660 se
1363 3617 1429 3659 ma-

310 3683 471 3746 trimonio
503 3684 683 3749 sociaverit
714 3685 783 3749 sive
814 3685 919 3749 etiam
951 3706 1013 3768 per
1042 3685 1253 3750 adulterium
1287 3685 1429 3768 iungere

310 3771 541 3855 presumserit,
565 3773 693 3850 statim,
718 3773 779 3836 ubi
794 3773 942 3857 primum
958 3774 1024 3838 hoc
1039 3774 1143 3837 iudex
1158 3774 1347 3857 agnoverit,
1372 3793 1429 3837 eos

415 3977 619 4025 wimundum.
683 3977 861 4030 adimendum
875 3982 922 4024 121.
990 3979 1014 4031 d)
1028 3981 1148 4024 acesim.
1210 3982 1232 4027 e)
1246 3977 1300 4020 dnm
1314 4001 1340 4008 -
1355 3981 1430 4020 extin-

309 4035 364 4080 gunt
377 4031 508 4136 doelfflu)
522 4085 612 4135 proprie
626 4087 672 4128 ΕΙ.
732 4087 755 4133 b)
769 4088 826 4126 deest
840 4087 886 4128 121.
940 4089 961 4135 c)
976 4091 1016 4126 sut
1029 4108 1056 4115 -
1069 4087 1168 4126 voluerit
1181 4087 1225 4128 des.
1239 4087 1286 4128 131.
1340 4084 1364 4133 d)
1378 4086 1429 4125 brc-

309 4137 422 4176 bstionem
436 4138 485 4180 122.
526 4141 547 4186 e)
561 4137 636 4179 iudice
650 4141 697 4182 Rl.
737 4141 943 4188 ocongremeutur
956 4140 1003 4182 Bl.
1043 4143 1066 4189 ς)
1080 4137 1171 4180 demissi
1185 4141 1232 4182 121.
1274 4139 1297 4186 h)
1311 4139 1368 4177 deest
1382 4139 1428 4180 Bl.

309 4191 325 4238 i)
340 4191 474 4238 agnoverint
487 4192 533 4233 121.
573 4192 597 4240 k)
611 4198 707 4242 patrona
720 4194 766 4235 ΕΙ.
808 4193 824 4244 l)
838 4191 889 4232 dem
903 4194 960 4231 deest
973 4193 1020 4236 Bl.
1067 4193 1098 4244 m)
1112 4192 1250 4232 successioni
1264 4193 1310 4234 Rl.
1351 4194 1375 4240 n)
1390 4189 1428 4231 de-

308 4244 378 4283 fuerit
392 4244 438 4286 Rl.
492 4246 513 4291 ο)
527 4246 644 4286 constituti
658 4247 705 4288 Rl.
761 4248 785 4294 p)
799 4247 941 4295 confugerint
954 4247 1001 4288 131.

310 4421 336 4487 1)
354 4420 395 4486 Cf.
414 4421 446 4476 L.
466 4422 541 4476 Rern.
559 4423 613 4478 Vis.
632 4423 660 4476 Ο.
678 4422 727 4477 Th,
748 4423 803 4488 IX,
829 4423 861 4485 6,·
888 4424 1023 4488 Brunner,
1050 4422 1093 4476 ‘D.
1113 4422 1183 4476 Rs!
1202 4422 1246 4487 II,
1270 4439 1298 4489 p.
1318 4423 1371 4476 660
1390 4438 1427 4487 eq.

308 4493 336 4558 2)
354 4492 395 4556 Of.
414 4492 446 4548 L.
465 4492 541 4546 Rom.
559 4494 613 4548 Vis.
633 4493 660 4546 Ο.
677 4493 726 4548 Tt.
745 4493 795 4558 IV,
816 4495 857 4560 11,
878 4497 901 4547 1.
921 4496 945 4547 3.
965 4495 997 4555 5,·
1019 4493 1220 4547 Britannia
