3214 5198
290 545 344 598 348
511 539 566 597 111.
604 539 725 594 INDEX
743 539 882 595 RERUM
900 539 948 594 ET
967 539 1192 596 VERBORUM.

329 722 393 784 197:
406 717 488 771 nullis
500 717 703 785 indictionibus,
716 718 833 772 exactio·
850 717 853 783 l
906 722 983 772 textu
1002 719 1142 786 exemplar
1159 717 1278 770 fideliter
1295 717 1411 770 transla-

326 789 415 857 nibus,
433 789 551 859 angariis
571 831 618 844 ...
638 790 753 857 populos
772 806 833 858 gra·
905 793 965 842 tum
991 793 1040 855 633
1066 807 1108 844 ex.
1126 788 1313 857 (condicionis)
1336 789 1411 842 testi-

326 877 391 914 vare
409 863 470 916 297.

906 861 957 913 bns
974 861 1133 914 roboratum
1152 863 1195 916 53.

291 948 420 985 examen:
452 947 560 984 servum
589 933 666 984 extra
692 930 834 999 publicum
870 931 1014 985 exercitia:
1032 931 1068 983 ad
1086 930 1244 984 exercitium
1262 933 1306 985 44.

327 1018 442 1056 examen
462 1001 666 1067 occidere1963
685 1001 834 1068 questionis
870 1002 1005 1056 exercitus
1029 1005 1185 1066 268-2713
1210 1001 1343 1069 prepositi
1366 1017 1411 1054 ex·

327 1089 369 1127 ex.
390 1075 449 1129 176.
469 1075 530 1129 205.

291 1143 448 1198 examinare
478 1143 590 1212 negotia
620 1147 662 1199 51.
691 1146 760 1211 296;
791 1159 832 1198 ex.

327 1230 421 1268 666666
439 1217 482 1270 69.

292 1285 457 1340 examinatio
476 1284 572 1338 iudicis
592 1288 658 1350 198:
686 1284 834 1352 questionis

292 1359 455 1480 6561166766
472 1430 566 1481 nostra
584 1428 628 1494 (sc.
648 1426 730 1496 regis)
747 1429 808 1484 299.

292 1514 417 1552 excessus
435 1501 498 1554 297.

907 1073 1014 1139 ercitns,
1033 1072 1165 1126 exercitui
1182 1075 1340 1137 268-279;
1367 1089 1411 1125 66-

905 1160 964 1197 mes
987 1144 1122 1197 exercitus
1144 1146 1211 1209 2713
1236 1143 1412 1210 conpulsores

906 1215 1040 1268 exercitus
1058 1217 1120 1270 269.
1139 1218 1207 1279 27οῑ
1235 1214 1306 1267 servi
1326 1213 1412 1266 domi-

905 1286 968 1353 nici,
993 1285 1054 1340 1.6.
1076 1285 1252 1352 conpulsores
1277 1284 1412 1338 exercitus

906 1360 973 1423 2693
996 1358 1032 1420 cf.
1051 1356 1122 1410 servi
1141 1356 1284 1422 dominici3
1310 1356 1412 1408 exerci-

906 1431 965 1480 tum
989 1426 1024 1479 ad
1045 1427 1151 1480 hostem
1170 1427 1325 1495 conpellere
1351 1429 1411 1482 269.

871 1497 1053 1552 exheredare:
1079 1498 1140 1552 exh.
1159 1497 1230 1550 filios
1257 1501 1324 1563 1383
1350 1497 1411 1552 exh.

292 1567 433 1622 excidere:
462 1567 536 1637 quod
563 1568 598 1620 ad
625 1569 760 1621 culturam
788 1585 834 1621 ex·
906 1568 975 1622 filios
994 1573 1042 1621 aut
1059 1573 1173 1637 nepotes
1190 1585 1241 1636 pro
1259 1568 1314 1621 levi
1333 1569 1413 1636 culpa

328 1640 414 1692 cisum
434 1643 475 1692 est
491 1641 535 1708 (sc.
555 1655 589 1692 ex
607 1640 691 1706 terra)
707 1643 768 1695 279.

906 1639 1041 1693 inlicitum
1062 1643 1121 1695 139.

293 1709 451 1764 excludere:
478 1727 529 1763 nec
554 1710 635 1779 longe
659 1709 834 1778 possessionis
871 1711 995 1780 exigere:
1014 1710 1145 1779 placitum
1164 1727 1206 1766 ex.
1227 1713 1274 1775 613
1299 1710 1412 1778 scriptu·

328 1785 436 1849 tempus
452 1780 604 1834 dominium
623 1780 750 1833 excludat
767 1784 833 1846 2893
906 1799 1025 1836 ramex.
1050 1784 1338 1846 39.118.119.135;
1365 1779 1412 1833 do·
1505 1805 1512 1818 ·

328 1851 352 1905 1.
378 1869 512 1904 annorum
536 1868 664 1904 numerus
688 1849 834 1904 excludens
906 1852 981 1904 natio
1012 1853 1147 1905 violenter
1177 1867 1193 1903 a
1222 1851 1287 1904 viris
1318 1855 1413 1904 exacta

327 1927 394 1989 2813
420 1922 564 1976 excludere
584 1923 696 1990 (terram
722 1921 757 1974 ad
778 1923 853 1990 cul-l
908 1927 975 1988 148;
999 1923 1092 1976 dotem
1114 1923 1206 1992 puelle
1224 1927 1303 1990 pater
1321 1923 1413 1991 exigat

328 1997 429 2062 turam)
442 1997 509 2062 253;
526 1992 670 2046 excludere
682 1993 755 2046 viam
767 1997 833 2059 252;

906 1998 934 2047 66
953 1999 1093 2047 conservet
1117 1998 1164 2059 913
1190 1997 1286 2046 exacta
1311 1993 1412 2045 autori-

329 2063 474 2117 excludere
499 2064 601 2117 flumen
629 2067 696 2130 2543
725 2065 834 2116 exclusa
906 2069 963 2118 tate
980 2065 1073 2134 (regis)
1097 2064 1162 2118 fisco
1186 2063 1268 2116 faciat
1286 2064 1413 2117 associari

330 2161 362 2178 =
377 2137 485 2186 6661666
497 2142 586 2187 terra:
603 2136 711 2188 exclusa
722 2151 832 2203 rumpe·
906 2138 967 2191 307.

328 2209 374 2258 tur
391 2209 452 2261 253.

871 2207 981 2260 exilium
1000 2209 1062 2261 291.
1077 2209 1142 2273 287;
1161 2223 1281 2273 perenne
1301 2206 1413 2258 exilium

293 2276 430 2329 excolere:
461 2278 563 2328 terram
594 2276 629 2328 ad
656 2277 832 2331 excolendam
909 2281 968 2333 116.
995 2281 1059 2346 197;
1091 2280 1256 2345 perpetuum
1283 2293 1325 2329 ex.
1353 2281 1413 2332 113.

329 2348 451 2414 accipere
468 2351 534 2414 2813
553 2347 649 2400 silvam
661 2351 774 2416 propter
787 2366 832 2401 ex·
910 2352 976 2415 1193
1010 2347 1039 2400 in
1070 2348 1151 2400 exilio
1182 2348 1232 2401 sub
1262 2348 1414 2416 penitentia

329 2416 458 2472 colendos
476 2435 555 2486 agros
568 2418 707 2472 succidere
720 2422 784 2485 2803
804 2436 833 2472 se

328 2490 453 2543 excolere
471 2489 515 2542 vel
532 2489 686 2558 gubernare
704 2493 764 2546 308.

906 2421 984 2488 (aput
1002 2419 1171 2488 episcopum)
1189 2420 1248 2474 196.
1269 2421 1328 2474 198.

873 2490 1010 2544 exinanita
1035 2491 1136 2558 scripta
1159 2492 1198 2559 (et
1216 2489 1345 2558 invalida)
1371 2506 1413 2542 re·

293 2560 538 2614 excommunicatio
564 2560 744 2614 ecclesiastica
772 2565 832 2616 310.
908 2565 1039 2630 putentur
1058 2564 1117 2616 136.

293 2647 437 2685 excusare:
456 2648 557 2699 servus,
572 2631 679 2684 debitor
692 2635 834 2685 excusatus
871 2633 945 2685 exire
962 2633 1001 2700 (in
1018 2633 1136 2700 hostem)
1154 2634 1215 2686 268.
1234 2635 1295 2687 279.

330 2707 389 2759 156.
408 2705 476 2771 273;
502 2702 677 2756 sacramentis
702 2719 730 2756 se
753 2719 834 2756 excu-
871 2703 1009 2772 expeditio
1038 2707 1079 2759 16.
1105 2705 1147 2757 17.
1174 2704 1233 2757 129.
1260 2705 1322 2758 239.
1351 2705 1413 2758 268.

329 2791 388 2826 sare
413 2776 460 2841 513
487 2775 522 2827 ab
548 2774 681 2827 sententia
705 2790 834 2826 excusare

329 2849 396 2912 2003
409 2844 574 2897 homicidam
588 2844 776 2898 fraudulenter
788 2863 833 2898 ex-

329 2931 423 2968 cusare
442 2919 501 2971 199.

294 2987 444 3038 excusatio:
460 3003 516 3038 exc.
529 2986 683 3055 ignorantie
696 2989 761 3052 2093
777 3003 834 3041 exc.

330 3057 497 3110 consortium
507 3061 573 3122 2773
588 3073 646 3110 exc.
661 3057 834 3110 rationalium

328 3131 389 3182 286.
408 3131 469 3185 267.

906 2777 975 2840 276;
1003 2772 1142 2842 expeditio
1170 2773 1279 2841 publica
1305 2776 1357 2841 823
1385 2772 1414 2824 in

907 2845 1080 2913 expeditione
1105 2843 1215 2912 publiea
1239 2844 1413 2911 constitutus,

906 2917 1011 2984 positus
1035 2919 1097 2971 229.
1120 2918 1181 2970 239.
1200 2918 1267 2982 286;
1296 2915 1326 2967 in
1351 2932 1412 2982 exp.

907 2987 982 3054 publ.
1002 2986 1143 3040 morientis
1162 2987 1296 3039 volumtas
1315 2989 1365 3052 823
1385 2986 1413 3038 in

908 3057 1082 3125 expeditione
1113 3057 1269 3124 adquirere,
1300 3057 1413 3124 conqui-

906 3145 976 3195 rere,
1002 3127 1104 3195 aliquid
1128 3129 1197 3180 lucri
1215 3128 1345 3194 consequi
1371 3131 1412 3184 16.

294 3201 437 3250 excutere:
469 3199 543 3251 fures
573 3201 621 3251 eut
650 3215 712 3252 reos
742 3203 835 3266 captos

329 3273 456 3321 excutere
481 3273 549 3334 212;
577 3269 722 3338 fugitivum
747 3269 834 3322 homi-

328 3356 392 3392 nem
424 3340 641 3408 conprehensum
673 3357 729 3395 exc.
766 3344 834 3408 267;

909 3203 950 3254 17.
976 3202 1194 3255 1261291311.
1215 3201 1281 3266 142;
1309 3199 1339 3250 16
1367 3216 1413 3251 ex-

906 3269 1046 3338 peditione
1064 3269 1168 3336 aliquid
1181 3269 1289 3322 auferre
1305 3269 1351 3322 vel
1368 3270 1413 3322 de·

907 3340 1022 3408 predere
1040 3344 1102 3396 239.

329 3414 436 3479 raptam
467 3428 525 3465 exc.
557 3416 605 3477 993
638 3411 773 3478 mancipia
801 3411 835 3464 ab
872 3412 1021 3480 expellere:
1041 3411 1177 3464 violenter
1196 3427 1257 3478 exp.
1273 3410 1413 3478 possiden-

328 3481 451 3535 hostibus
478 3486 609 3550 occupata
634 3499 691 3537 exc.
718 3485 769 3538 158
781 3499 834 3551 aq.;
907 3488 977 3548 tem,
1006 3499 1145 3551 possessor
1175 3499 1225 3549 per
1253 3481 1413 3534 violentiam

328 3553 471 3621 mancipia,
499 3570 542 3606 res
570 3553 604 3605 de
632 3570 715 3606 mann
742 3553 835 3620 hostis,
907 3553 1035 3620 expulsus
1053 3557 1120 3618 227ς
1138 3553 1244 3605 viantes
1261 3551 1295 3605 de
1306 3553 1413 3621 pascuis

329 3622 363 3675 ab
381 3624 492 3677 inimico
511 3641 568 3678 exc.
594 3627 662 3692 2723
688 3624 835 3691 expellenti
908 3624 1045 3691 expellere
1058 3627 1124 3692 238;
1138 3623 1191 3676 iter
1203 3623 1344 3692 agentium
1358 3623 1413 3676 ani·

329 3693 364 3746 de
394 3693 517 3763 frugibus
548 3711 648 3762 pecora
678 3711 735 3748 exc.
766 3698 834 3762 2403
907 3695 989 3747 malia
1007 3694 1042 3747 de
1060 3695 1162 3762 campis
1180 3694 1340 3747 vacantibus
1352 3711 1412 3762 exp.

328 3764 471 3817 hominum
489 3769 599 3832 partum
618 3783 676 3820 exc.
696 3768 834 3831 183.184;
907 3769 974 3831 252;
993 3765 1128 3832 animalia,
1146 3781 1247 3834 pecora
1265 3765 1311 3832 (de
1330 3763 1413 3834 frugi·

328 3835 452 3902 iumenti,
478 3836 609 3904 animalis,
633 3853 702 3903 eque
724 3839 835 3904 partum
907 3837 969 3904 bus)
989 3853 1048 3904 exp.
1068 3841 1129 3893 239.
1148 3839 1209 3892 240.
1228 3839 1289 3893 242.

329 3922 386 3959 exc.
405 3908 466 3961 245.
872 3924 1007 3976 expensae
1034 3911 1100 3976 134;
1128 3907 1234 3960 fructus
1261 3923 1324 3960 cum
1352 3905 1413 3958 filiis

294 3975 426 4043 executio,
440 3977 586 4043 exsecutio,
600 3977 772 4045 exsequutio:
792 3995 834 4033 ex.
908 3978 1098 4032 communibus
1111 3994 1270 4031 consumere
1289 3977 1414 4046 expensis

329 4046 426 4099 iudicis
455 4050 497 4104 14.
527 4051 586 4104 156.
617 4052 676 4105 153.
705 4052 770 4116 241;
798 4050 834 4112 cf.
908 4052 966 4105 127.

328 4121 371 4172 44.
390 4120 434 4174 45.
872 4120 996 4188 expiare:
1026 4122 1196 4172 sacramento
1223 4136 1252 4171 se
1280 4135 1342 4186 exp.
1371 4122 1412 4174 62.

291 4190 452 4258 (executor),
466 4193 622 4242 exsecutor:
642 4206 666 4245 e.
679 4189 774 4243 iudicis
790 4193 833 4245 46.
909 4195 973 4258 177;
993 4194 1161 4243 sacramento
1180 4207 1257 4242 suam
1275 4190 1413 4244 conscien-

294 4261 433 4328 exemplar
458 4286 489 4303 =
514 4263 671 4327 erenplum,
698 4263 833 4325 formulas:
907 4262 974 4314 tiam
993 4278 1054 4330 exp.
1073 4264 1116 4316 51.
1136 4264 1178 4316 65.
1199 4265 1258 4316 197.

329 4348 371 4386 ex.
401 4331 515 4399 epistole
542 4330 742 4384 informationis
765 4335 834 4400 287;
872 4349 1008 4400 exponere
1038 4331 1184 4399 infantem,
1219 4348 1336 4399 puerum
1368 4333 1414 4383 aut

331 4429 362 4446 =
373 4403 577 4468 apopraphum:
596 4419 637 4456 ex.
650 4401 773 4455 mandati
786 4406 834 4471 67;
907 4403 1026 4472 puellam
1047 4406 1105 4458 136.
1126 4407 1185 4458 137.

328 4472 834 4542 1661666166666166166Ή6666ᾱί611)
872 4490 946 4527 exse·
965 4493 988 4530 a.
1007 4490 1077 4526 exe·.
