3264 5206
320 524 373 579 192
541 521 619 576 LEX
638 519 753 577 VISIG.
772 520 1041 580 Rnocnssvmu
1079 523 1130 592 VI,
1149 527 1174 589 ὅ,
1192 527 1217 581 1.

359 703 396 767 V.
413 703 627 769 TITULUS:
659 704 722 768 Du
746 705 868 769 CEDE
892 704 950 768 ΕΤ
972 703 1131 771 MORTE
1155 705 1399 772 HOMINUM.

465 828 494 891 I.
531 828 568 892 si
591 830 667 912 quis
690 829 846 894 nesciens
869 829 1056 893 hoccidata
1083 829 1268 894 hominem.

443 916 493 980 II.
530 917 567 981 Si
590 917 774 994 hominem,
804 918 886 981 dum
909 918 986 1001 quis
1009 938 1079 981 non
1102 919 1207 995 videt,
1236 919 1442 984 hocciderit.

425 1004 495 1069 III.
531 1004 568 1069 Si
591 1006 667 1089 quis
690 1005 847 1091 inpulsus
870 1006 1031 1070 hoccidat
1055 1007 1238 1072 hominem.

404 1093 494 1157 IIII.
531 1093 567 1157 Si
602 1087 702 1177 quisb
742 1093 889 1159 alterum
923 1098 1102 1178 percutere
1134 1095 1253 1160 volens
1288 1096 1442 1161 alterum

530 1183 690 1247 hoccidat
713 1182 898 1247 hominem.

453 1271 493 1334 V.
530 1270 566 1334 Si
589 1273 692 1335 homo
716 1274 835 1336 exorta
857 1271 940 1336 cedc
963 1272 1139 1335 moriatur.

432 1358 494 1422 VI.
530 1359 580 1436 Si,
618 1360 699 1423 dum
734 1359 819 1424 levis
853 1360 980 1423 iniuria
1013 1360 1173 1438 infertur,
1212 1362 1439 1426 homicidium

530 1447 777 1513 committatur.

411 1536 494 1600 VII.
530 1536 567 1600 si
594 1537 711 1600 iocans
739 1540 800 1600 aut
827 1537 1033 1601 indiscretus
1061 1537 1222 1602 hoccidat
1250 1539 1435 1604 hominem.

392 1625 494 1689 VIII.
530 1625 567 1689 si
590 1625 666 1708 quis
694 1647 755 1709 per
778 1629 916 1690 cautam
944 1625 1162 1710 disciplinam
1189 1627 1350 1692 hoccidat
1377 1628 1437 1690 ho-

528 1734 665 1779 mmem.

371 1802 494 1866 VIIII.
530 1802 568 1866 Si
590 1803 761 1884 ingenuus
784 1822 919 1867 servum
943 1803 1077 1867 casibus
1105 1803 1301 1887 prescriptis
1325 1804 1435 1869 hocci-

529 1892 600 1955 dat.

449 1979 491 2042 X.
528 1979 564 2042 si
592 1999 708 2044 servus
736 1980 926 2062 ingenuum
957 1980 1091 2043 casibus
1121 1981 1318 2064 prescriptis
1349 1983 1434 2045 occi·

528 2068 598 2132 dat.

428 2154 492 2218 XI.
528 2155 565 2219 Si
588 2157 690 2221 homo
713 2156 906 2240 voluntaria
930 2157 1117 2221 occidatur.

408 2244 492 2307 XII.
528 2244 581 2308 Ne
606 2245 735 2308 domini
758 2249 856 2310 extra
882 2246 995 2309 iudice
1019 2265 1097 2308 suos
1121 2266 1238 2310 servus
1261 2247 1430 2324 occidant,

528 2337 563 2396 et
586 2334 614 2397 si
637 2334 828 2418 ingenuus⁰
856 2334 991 2398 occidat
1013 2334 1238 2418 ingenuum0.

387 2421 492 2485 XIII.
527 2421 581 2486 Nc
608 2421 712 2486 liceat
742 2443 989 2505 quemcumque
1020 2443 1155 2486 servum
1182 2423 1238 2487 vel
1268 2423 1431 2487 ancillam

526 2531 776 2594 quamcumque
799 2514 897 2594 parte
921 2511 1070 2595 corporis
1092 2506 1288 2576 truncarel.

366 2597 490 2662 XIIII.
525 2600 576 2663 Ut
599 2600 806 2663 homicidam
830 2600 964 2664 cunctis
987 2599 1092 2664 liceat
1115 2619 1285 2664 accusare.

413 2687 489 2750 XV.
526 2687 626 2767 Quod
659 2691 694 2752 et
724 2688 885 2772 proximis
921 2691 956 2752 et
991 2688 1162 2752 extraneis
1197 2689 1425 2752 homicidam⁰

525 2777 726 2841 conceditur
749 2769 943 2841 accusarcb.
1422 2808 1424 2813 ·

391 2864 488 2928 XVI.
525 2865 562 2929 si
584 2865 758 2929 homicida
781 2867 825 2930 ad
848 2858 1029 2930 eclesiamf
1056 2865 1246 2949 confugiat.

370 2953 487 3016 XVII.
523 2954 576 3019 De
600 2954 778 3038 parricidis
802 2956 837 3018 et
861 2974 978 3018 eorum
1000 2953 1112 3017 rebus.

351 3041 488 3105 XVIII.
524 3042 577 3106 De
608 3043 671 3120 hie,
703 3043 763 3126 qui
792 3043 961 3126 proximos
992 3042 1169 3124 sanguinis
1197 3043 1250 3106 sui
1274 3043 1430 3106 hoccide-

522 3132 604 3194 rint.

328 3218 487 3282 XVIIII.
523 3219 560 3322 Si
586 3214 624 3302 [a]
649 3219 803 3303 proximo
831 3219 1007 3302 sanguinis
1038 3239 1119 3282 casu
1146 3219 1319 3303 proximus
1351 3219 1429 3283 hoc·

407 3396 485 3458 XX.
521 3310 698 3461 gidiiurius
721 3416 856 3460 servum
876 3396 1010 3460 casibus
1033 3395 1231 3479 prescriptis
1255 3397 1426 3460 hoccidat.

421 3548 444 3604 1.
476 3547 644 3604 FLAVIUS
663 3548 876 3606 GLORIOSUS
895 3547 1205 3604 REOOESSVINDUS
1223 3547 1311 3604 REX.

416 3661 460 3725 Si
488 3662 585 3746 quis
615 3663 815 3727 nesciens
846 3662 1054 3727 hoccidat
1084 3662 1309 3727 hominem.

416 3766 630 3850 Quicumque
666 3769 821 3833 nesciens
856 3768 1031 3833 hominem
1065 3767 1256 3832 hocciderit
1288 3770 1323 3832 et
1353 3767 1426 3831 nul-

307 3855 402 3920 luma
429 3860 550 3922 contra
577 3877 656 3920 eum
680 3857 797 3920 odium
825 3857 995 3933 habuerit,
1024 3857 1121 3920 iuxta
1144 3856 1285 3920 Domini
1307 3875 1426 3921 vocem

307 3965 386 4010 reus
410 3945 529 4009 mortis
552 3966 622 4010 non
646 3946 712 4010 erit
723 3945 744 4008 1.
790 3945 870 4010 Non
898 3946 990 4010 enim
1014 3945 1229 4021 astinetum,
1257 3947 1298 4007 ut
1325 3943 1425 4006 illum

307 4033 478 4099 homicide
508 4035 672 4098 damnum
702 4037 764 4100 aut
794 4053 883 4118 pena
912 4033 1094 4118 percuriat,
1124 4053 1227 4116 quem
1253 4031 1426 4096 volumtas

306 4121 484 4186 homicidii
506 4141 577 4186 non
600 4126 769 4187 cruentat.

413 4277 470 4320 TIT.
480 4277 506 4319 V.
539 4277 822 4327 a)occ,1rlcrumqu0132.
871 4277 895 4325 b)
909 4278 965 4316 deest
978 4279 1025 4318 ΕΙ.
1074 4279 1094 4324 c)
1108 4277 1203 4325 ingenus
1217 4296 1244 4304 -
1257 4274 1363 4324 insenum
1377 4274 1424 4314 111.

306 4327 330 4376 d)
345 4326 458 4369 trucldarc
473 4331 520 4374 121.
575 4333 595 4378 a)
610 4329 723 4370 hchclda
737 4331 783 4372 ΕΙ.
837 4331 856 4378 s)
869 4331 952 4370 eclesia
966 4331 1013 4372 ΕΙ.

412 4385 434 4430 a)
448 4383 532 4422 nullam
547 4384 594 4426 121.

305 4488 333 4556 1)
351 4487 458 4544 naar.
477 4490 520 4555 19,
539 4491 565 4543 4.
585 4491 610 4543 o.
