3264 5206
366 514 444 569 LEX
462 512 579 570 VISIG.
597 513 867 571 REGOESSVIND.
903 514 955 581 VI,
975 517 1056 584 5,14.
1072 518 1114 572 15.
1249 521 1301 574 199

177 705 218 763 ut
234 719 360 784 penam
375 718 454 763 reus
470 697 628 780 accipiat,
648 717 752 780 quam
768 701 928 761 meretur.
963 697 1038 761 Nec
1054 699 1146 762 enim
1162 704 1302 784 propter

178 789 388 852 accusatoris
424 786 617 850 absentiam
651 789 713 850 aut
745 785 886 868 aliquod
919 785 1066 850 fortasse
1101 788 1303 852 conludium

179 877 317 942 sceleris
342 876 446 940 debet
468 875 623 938 vindicta
651 874 817 950 differri⁰,
850 875 909 939 sed
939 878 1012 938 tam
1042 896 1127 939 uxor
1157 881 1303 942 mortem

178 966 305 1041 mariti,
327 965 383 1028 vel
407 965 435 1028 si
458 963 543 1046 quid
565 964 707 1027 noxium
731 963 774 1027 ab
791 963 859 1026 alio
875 962 966 1027 forte
981 964 1174 1047 pertulerit,
1199 986 1303 1048 quam

179 1055 285 1118 etiam
309 1053 463 1129 maritus,
491 1046 538 1134 [si]
564 1051 675 1115 simile
696 1051 828 1133 aliquid
849 1071 990 1116 uxorem
1010 1053 1085 1136 pati
1106 1055 1300 1138 contigerit,

180 1143 316 1206 licitum
326 1141 470 1206 habebit
481 1141 664 1223 inquirere,
676 1144 712 1204 et
724 1141 822 1203 iuxta
833 1141 1038 1222 qualitatem
1049 1142 1200 1206 criminis
1213 1143 1302 1226 lega-

180 1232 260 1296 liter
284 1230 522 1294 ulciscendum
545 1229 720 1305 insistere;
749 1229 801 1292 ita
823 1232 873 1305 ut,
903 1230 931 1292 si
955 1234 1116 1294 manente
1140 1233 1302 1296 adversus

179 1340 277 1384 reum
306 1319 372 1382 tali
402 1319 595 1382 intentione
623 1318 768 1381 maritus
794 1319 830 1382 et
852 1338 938 1394 uxor
960 1319 1068 1382 vitam
1092 1319 1245 1384 finierint
1268 1324 1304 1384 et

180 1408 408 1492 inperfectam
425 1427 564 1470 causam
578 1405 791 1489 reliquerint,
817 1426 935 1470 eorum
953 1407 1017 1469 filii
1033 1427 1094 1471 seu
1109 1409 1302 1492 propinqui,

181 1498 306 1579 quibus
330 1496 374 1559 ad
390 1495 593 1580 capiendam
610 1495 840 1559 hereditatem
856 1495 1012 1578 legitima
1035 1499 1204 1561 successio
1228 1518 1303 1562 con-

181 1587 280 1670 petit,
311 1605 470 1649 accusare
493 1605 590 1648 reum
612 1582 667 1647 vel
691 1583 899 1646 homicidam
923 1585 997 1660 hac,
1030 1585 1120 1648 sicut
1143 1589 1304 1669 parentes

180 1675 296 1739 facere
320 1677 515 1757 potuerant,
540 1673 711 1737 instanter
726 1673 886 1756 prosequi
909 1672 1062 1736 habeant
1085 1677 1303 1758 potestatem.

181 1763 254 1827 Nec
283 1764 374 1826 enim
403 1762 548 1846 dignum
576 1765 629 1825 est
657 1765 841 1844 parentum
869 1765 931 1824 aut
954 1762 1224 1845 propinquorum
1247 1765 1304 1827 ha·

182 1852 262 1915 bere
286 1851 501 1926 facultatem,
527 1850 556 1913 si
579 1871 649 1914 non
671 1869 750 1914 reus
770 1848 827 1914 vel
849 1850 1023 1914 homicida
1040 1847 1213 1916 debitam(1
1233 1873 1304 1916 sen-

181 1941 330 2004 tentiam
360 1939 657 2003 condemnationis
688 1939 846 2022 excipiat.
901 1936 1002 2016 Quod
1032 1940 1084 2002 sie
1116 1941 1220 2006 iudex
1250 1943 1305 2004 ad-

182 2030 334 2092 monitus
369 2028 473 2091 huius
506 2029 557 2091 rei
591 2027 717 2090 vindex
752 2047 824 2091 esse
860 2027 1047 2104 destiterit,
1084 2032 1119 2092 et
1154 2029 1305 2094 dilatans

184 2121 384 2181 accusantes
412 2117 457 2180 ad
484 2117 615 2198 regiam
643 2117 876 2198 cognitionem
904 2136 945 2179 ex
972 2118 1038 2180 hoc
1066 2118 1208 2200 querela
1234 2138 1305 2203 per-

183 2206 326 2282 venerit,
351 2206 437 2268 sciat
461 2225 496 2268 se
520 2209 751 2288 premortuo,
776 2223 879 2287 quem
894 2206 1069 2270 vindicare
1092 2207 1215 2285 noluit,
1240 2227 1306 2271 me·

184 2295 351 2358 dietatem
374 2294 560 2370 homicidii,
589 2295 655 2356 hoc
679 2297 732 2357 est
755 2287 823 2358 OLf
842 2293 969 2357 solidos
997 2296 1130 2378 petenti
1154 2316 1226 2360 esse
1251 2297 1306 2360 da-

183 2388 302 2446 turum
313 2383 334 2443 ¹.
381 2381 580 2446 Facultates
604 2402 686 2445 sane
711 2383 792 2459 eius,
825 2383 883 2464 qui
913 2403 975 2466 pro
1004 2404 1065 2446 suo
1096 2387 1148 2448 est
1179 2384 1326 2449 scelere·

185 2472 390 2555 puniendus,
414 2492 485 2534 non
501 2474 605 2534 antea
621 2471 781 2553 cuiquam
796 2471 988 2554 husurpare
1005 2473 1214 2550 conceditur,
1238 2474 1305 2537 nisi

185 2581 245 2645 per
269 2561 436 2623 iudicium
458 2559 603 2623 ultionis
627 2579 667 2623 ex
691 2559 767 2643 lege
791 2560 965 2624 sententia
989 2561 1100 2625 detur.

392 2749 456 2804 XV.
488 2747 656 2804 FLAVIUS
676 2747 991 2804 OHINDASVINDUS
1010 2748 1097 2803 REX.

237 2861 357 2941 Quod
388 2866 430 2926 et
461 2862 669 2945 proximis
700 2865 743 2925 et
774 2861 999 2925 extraneis
1030 2862 1251 2925 homicida

489 2950 750 3014 conceditur
780 2968 997 3013 accusare.

293 3057 380 3121 Oum
398 3059 589 3121 ceterorum
606 3057 787 3120 criminum
810 3076 886 3120 reos
910 3051 1036 3139 penals]
1062 3076 1195 3139 semper
1211 3078 1305 3140 opor-

184 3150 283 3210 teata
305 3147 470 3229 excipere,
496 3165 580 3228 quas
604 3148 788 3222 merentur,
813 3145 912 3209 nefas
936 3165 1008 3209 esse
1032 3147 1225 3228 putandum
1242 3149 1304 3223 est,

184 3234 374 3299 homicidas
397 3255 560 3316 umquam
584 3234 762 3298 indemnes
786 3233 990 3316 relinquere,
1015 3226 1119 3316 quosb
1144 3235 1306 3299 severiori

184 3323 293 3406 magis
322 3323 507 3387 condecet⁰
537 3323 719 3386 atrocitate
747 3323 873 3406 puniri.
918 3322 972 3386 Ne
997 3342 1078 3405 ergo
1101 3323 1209 3407 possit
1232 3343 1305 3388 eva-

185 3412 264 3476 dere
293 3411 480 3488 homicida,
512 3412 604 3493 quod
634 3411 719 3475 fecit
749 3415 810 3475 aut
841 3412 964 3494 aliquis
993 3411 1103 3476 scelus
1132 3411 1205 3475 eius
1233 3432 1305 3495 pre-

185 3504 298 3564 sumat
321 3500 470 3563 forsitan
493 3500 687 3564 excusando
712 3499 832 3577 celare,
857 3501 968 3584 primo
990 3501 1153 3584 proximis
1177 3501 1307 3564 hoccisi

185 3589 287 3653 datur
311 3589 454 3652 licentia
477 3588 678 3664 accusandi;
703 3589 795 3671 quod
818 3590 847 3652 si
870 3589 975 3652 iidem
999 3590 1144 3672 proximi
1167 3590 1212 3652 ad
1229 3610 1306 3671 que·

184 3679 328 3741 rendam
359 3677 516 3740 defuncti
548 3680 694 3741 mortem
726 3680 787 3740 aut
819 3677 929 3762 tepidi
961 3677 1094 3741 fuerint
1124 3680 1185 3741 aut
1215 3678 1306 3742 forte

184 3766 400 3843 distulerint,
443 3768 528 3829 tunc
568 3766 753 3829 accusandi
791 3766 1000 3829 homicidam
1037 3769 1111 3830 tam
1148 3767 1306 3829 omnibus

184 3854 392 3938 generaliter
416 3854 493 3917 aliis
515 3855 717 3938 parentibus
747 3875 851 3937 quam
878 3855 1002 3919 exteris
1031 3855 1165 3918 aditum
1188 3855 1306 3938 pandi-

184 3964 276 4018 mus;
301 3943 352 4006 ita
369 3946 418 4020 ut,
444 3943 503 4025 qui
526 3943 735 4006 homicidam
757 3943 999 4007 fraudulenter
1023 3963 1184 4007 excusare
1208 3964 1306 4006 cona-

183 4033 241 4094 tus
271 4031 379 4096 fuerit
409 4031 464 4095 vel
495 4031 694 4108 defendere,
732 4032 961 4109 commodum,
998 4031 1089 4114 quod
1124 4035 1306 4115 propterea

291 4223 312 4269 c)
326 4219 418 4261 differre
433 4222 480 4263 131.
554 4219 577 4270 d)
591 4219 692 4260 debitum
707 4234 724 4263 s.
739 4222 789 4272 nl,
813 4219 890 4261 debite
904 4222 1018 4262 sententia
1032 4222 1081 4265 Ra.
1153 4225 1174 4270 e)
1188 4223 1244 4261 deut
1258 4222 1304 4264 121.

182 4276 201 4323 s)
215 4275 247 4313 ita
261 4275 313 4324 1313
332 4279 422 4314 centum
437 4275 602 4324 qulnquaginta
615 4275 636 4312 Β
645 4276 663 4316 2.

290 4328 337 4370 XV.
378 4329 565 4377 a)oportetR1.
625 4326 783 4376 b)qu0dR1.
838 4330 858 4376 c)
873 4339 939 4376 quam
954 4326 1020 4368 dccet
1034 4329 1081 4371 ΕΙ.

184 4487 210 4556 1)
228 4489 270 4554 Cf.
290 4490 322 4540 G.
337 4489 419 4556 Coto,
441 4489 745 4554 ‘Justizoerwciyerunq’
761 4506 789 4556 p.
804 4489 856 4543 147
868 4505 921 4555 sqq.
