3264 5206
336 512 415 574 unx
433 517 549 575 usis.
567 517 836 576 saccussvmo.
872 519 924 589 vr,
943 525 969 590 2,
988 524 1019 586 4³
1043 522 1160 589 s‚1-3.
1178 498 1180 503 ’
1261 523 1312 578 183

194 706 255 766 aut
283 701 510 786 expleverint,
540 721 602 786 per
628 703 720 784 quod
748 702 856 768 alium
882 702 997 769 ledere
1024 704 1080 770 vel
1106 705 1312 770 mortificare

194 794 255 854 aut
278 790 515 856 obmutescere
537 789 671 868 vellint,
699 795 741 855 ut
770 792 935 856 damnum
957 796 1031 856 tam
1054 793 1090 855 in
1114 793 1312 877 corporibus

194 899 297 961 quam
321 879 427 943 etiam
449 879 487 942 in
508 880 676 944 universis
698 879 802 944 rebus
824 878 947 946 iecisse
969 882 1222 966 repperiuntur.

216 1125 287 1189 ΙΙΙ.
303 1119 517 1191 TITULUS:
553 1124 616 1192 DE
647 1125 1024 1192 EXOUTIENTIBUS
1054 1127 1287 1192 HOMINUM

649 1233 851 1296 PARTUM.

287 1357 316 1420 Ι.
351 1356 404 1421 De
428 1357 492 1433 his,
516 1357 576 1440 qui
598 1358 775 1440 potionem
798 1317 842 1421 ad
866 1378 1023 1422 avorsum
1047 1359 1216 1423 dederint.

235 1449 239 1456 '
267 1446 317 1508 II.
353 1445 390 1508 Si
413 1446 584 1529 ingenuus
606 1446 794 1528 ingenuam
818 1445 977 1510 abortare
999 1447 1132 1511 fecerit.

157 1589 159 1592 .
247 1534 317 1597 III.
353 1533 390 1597 Si
413 1534 565 1617 ingenua
582 1534 707 1599 mulier
721 1534 909 1617 ingenuam
925 1534 1084 1599 abortare
1107 1535 1311 1620 conpulerit.

11 1570 13 1590 l
226 1622 318 1686 IIII.
354 1622 399 1686 si.
413 1623 585 1705 ingenuus
608 1619 734 1687 ancille
757 1626 897 1706 partum
919 1622 1092 1688 effuderit.

222 1791 226 1802 Ι
276 1711 317 1774 V.
353 1711 391 1799 81
414 1729 531 1776 servus
554 1712 704 1794 ingenue
727 1715 866 1795 partum
889 1712 1087 1776 excusserit.

255 1800 318 1863 VI.
352 1799 391 1862 Si
413 1820 530 1864 servus
554 1799 680 1863 ancille
704 1800 954 1884 partitudinem
977 1799 1102 1865 leserit.

11 1873 12 1910 ³
119 1910 121 1913 ·
234 1887 317 1956 VII.
352 1888 405 1953 De
429 1888 493 1965 his,
525 1888 584 1971 qui
614 1888 702 1952 filios
733 1908 811 1952 suos
842 1891 903 1952 aut
932 1892 1032 1953 natos
1063 1893 1125 1953 aut
1153 1889 1191 1952 in
1213 1892 1311 1953 utero

353 1980 519 2041 necantl.

198 2175 206 2193 ,
619 2111 643 2168 1.
673 2110 886 2182 nurlouna.

215 2207 275 2271 De
304 2206 388 2284 his,
421 2206 493 2289 qui
520 2207 743 2290 potionem
770 2207 823 2270 ad
850 2207 1050 2271 aborsum
1073 2207 1289 2272 dederint.

301 2310 360 2375 Sil
382 2313 458 2396 quis
481 2311 618 2376 mulieri
645 2313 830 2396 pregnanti
853 2313 1028 2396 potionem
1058 2315 1127 2377 ada
1154 2334 1312 2379 avorsum

193 2405 254 2466 aut
277 2420 339 2485 pro
362 2401 517 2464 necando
541 2400 676 2466 infante
700 2401 845 2478 dederit,
870 2402 1089 2478 hoccidatur;
1119 2406 1155 2466 et
1177 2402 1311 2480 mulier,

193 2483 280 2573 queb
307 2489 484 2573 potionem
514 2490 590 2553 adu
611 2489 772 2553 aborsum
796 2489 912 2555 facere
935 2491 1094 2573 quesibit,
1125 2491 1154 2554 si
1184 2490 1313 2555 ancilla

194 2582 255 2656 est,
280 2588 325 2643 00
341 2576 481 2660 flagella
496 2578 675 2662 suscipiat;
701 2578 729 2642 si
752 2579 904 2662 ingenua
923 2582 985 2656 est,
1010 2582 1125 2643 careat
1142 2579 1313 2662 dignitate

194 2686 338 2750 persone
361 2669 398 2731 et
420 2667 476 2729 cui
498 2666 697 2731 iusserimus
720 2668 889 2731 servitura
911 2668 1081 2732 tradatur.

624 2836 664 2894 Π.
694 2836 878 2908 Annuus.

254 2932 297 2996 81
327 2934 544 3015 ingenuus
574 2932 808 3016 ingenuam
838 2932 1043 2996 abortare
1072 2931 1244 2996 fecerit.

301 3039 360 3102 Si²
383 3039 458 3122 quis
481 3038 662 3103 mulierem
677 3039 855 3121 gravidam
870 3039 1075 3123 percusserit
1098 3058 1312 3121 quocumque

193 3129 291 3192 hictu
315 3131 376 3191 aut
399 3147 462 3211 per
484 3127 635 3210 aliquam
661 3127 901 3192 hoccasionem
923 3126 1102 3211 mulierem
1126 3127 1313 3213 ingenuam

194 3217 353 3281 abortare
376 3216 509 3294 fecerit,
534 3219 570 3280 et
593 3215 716 3280 exinde
739 3219 876 3280 mortua
898 3215 1015 3293 fuerit,
1043 3236 1105 3299 pro
1128 3215 1312 3278 homicidio
1387 3290 1390 3298 Ι

194 3305 368 3389 puniatur.
427 3304 465 3367 81
494 3307 611 3368 autem
644 3305 852 3368 tantumodo
884 3307 1020 3388 partus·
1038 3304 1241 3380 excutiatur,
1278 3307 1313 3367 et

183 3392 318 3458 'mulier
345 3394 381 3456 in
405 3391 503 3456 nullo
527 3392 710 3457 debilitata
736 3392 854 3469 fuerit,
883 3395 918 3457 et
941 3393 1138 3476 ingenuusl
1164 3393 1313 3475 ingenue

195 3483 260 3545 hoc
298 3481 458 3545 intulisse
488 3481 725 3564 cognoscitur,
764 3481 794 3546 si
831 3482 1020 3544 formatum
1053 3475 1225 3558 infantem
1262 3500 1313 3545 ex-

193 3569 328 3642 tincxit,
358 3581 405 3635 GL
429 3569 555 3633 solidos
582 3570 720 3647 reddat;
753 3570 781 3633 si
808 3589 888 3634 vero
913 3565 1112 3651 informem,
1130 3579 1163 3633 C
1186 3568 1313 3632 solidos

101 3662 128 3737 “,
194 3679 256 3742 pro
279 3658 374 3722 facto
397 3658 571 3722 restituat.

148 3845 150 3849 .
394 3875 397 3880 .
617 3792 672 3850 ΙΠ.
703 3785 887 3874 ANTIQUA.

151 3931 153 3934 -
217 3887 261 3952 81
291 3888 483 3971 ingenua
512 3887 932 4040 mulieripgerpuam
962 3889 1167 3953 abortare
1198 3908 1291 3952 con·

663 3998 718 4060 pu
746 3996 842 4040 er1.

303 4081 339 4146 81
374 4083 526 4181 ingenua
559 4082 684 4147 mulier
718 4102 780 4166 per
812 4081 963 4176 aliquam
995 4082 1196 4146 violentiam
1233 4077 1311 4166 [aut]

302 4255 359 4298 ΤΙΤ.
373 4255 415 4310 Ill.
456 4254 479 4306 a)
492 4260 590 4304 negcant
603 4250 663 4296 121,

302 4308 320 4350 1.
361 4308 516 4356 naccum.
570 4308 706 4356 monim.

302 4361 333 4403 11.
373 4363 395 4410 ι)
410 4361 434 4401 ln
448 4361 569 4410 ingenuam
583 4361 626 4400 hoc
639 4361 686 4403 131.

196 4483 222 4550 1)
240 4485 282 4549 Cf.
300 4485 334 4540 L.
353 4485 450 4540 Baiuc.
469 4486 551 4551 8,18.
624 4484 652 4551 2)
670 4484 712 4548 Cf.
730 4485 764 4539 L.
783 4485 879 4539 Baiae.
898 4486 982 4552 8,19.
