3214 5198
391 527 447 583 111.
483 527 605 582 INDEX
623 526 761 584 RERUM
779 527 828 581 ΕΤ
846 527 1071 585 VERBORUM.
1240 534 1292 588 376

171 708 316 777 pignerare
334 710 376 762 63.
391 709 440 775 64;
458 724 485 774 6.
503 707 646 773 caballum,
666 708 713 761 bo·
750 706 888 775 plebeius:
901 707 1004 775 plebeis
1017 707 1126 776 glebam
1139 725 1216 761 suam
1229 709 1292 762 6116·

207 779 270 832 bem
294 779 426 846 iugalem,
454 777 620 845 mancipium
646 781 713 846 319;
786 777 870 831 nandi
888 778 964 831 nulla
981 782 1101 846 potestas
1121 782 1180 835 168.

207 849 370 919 pignerandi
388 849 496 902 licentia
513 849 639 902 submota
654 851 713 903 164.
750 848 858 917 plebes:
881 849 953 901 salus
970 849 1092 917 plebium
1109 849 1293 920 regendarum

171 922 279 990 pignus,
304 919 424 988 pigneris
449 927 492 974 etc.
519 923 561 975 63.
588 922 631 975 64.
654 922 713 975 164.
787 923 836 987 38;
855 937 905 988 per
916 921 1097 974 tumultuosas
1108 921 1203 989 plebes
1214 921 1293 991 regni

209 995 275 1060 1653
300 991 360 1061 regi
382 990 466 1044 iudici
483 992 527 1044 vel
546 990 639 1043 comiti
663 1008 715 1058 pro
786 990 895 1060 fastigia
913 991 1026 1059 adipisci
1044 995 1087 1048 40.

207 1062 513 1202 clericale
534 1061 714 1200 rama
750 1061 1293 1201 16666666666666

209 1209 275 1273 166;
295 1222 321 1272 p.
334 1221 384 1272 per
396 1173 551 1257 caution’em
563 1203 715 1273 obligatum
786 1207 847 1259 276.
952 1174 958 1202 ’

207 1277 258 1344 66.;
276 1277 376 1344 pignus
388 1278 539 1344 acceptum,
551 1291 608 1327 non
621 1291 714 1343 aceep-
750 1291 841 1342 poena
858 1294 880 1330 6.
899 1292 978 1342 6666.

208 1350 434 1414 sum164.165;
460 1345 483 1398 si
504 1347 604 1414 pignus
621 1362 714 1414 repre·
750 1345 926 1414 polipticum:
958 1346 987 1399 in
1014 1346 1151 1415 polipticis
1176 1347 1293 1416 publicis

208 1421 315 1471 scutato
330 1417 423 1470 debito
436 1433 493 1469 uon
504 1416 637 1470 reddatur
650 1419 714 1484 1653
788 1416 883 1470 censiti
902 1420 963 1473 306.

207 1489 307 1558 pignus
329 1487 415 1540 furari
440 1490 506 1556 1643
533 1487 640 1557 pignus,
666 1487 714 1540 611-
750 1488 856 1556 pollex:
875 1505 925 1556 pro
944 1488 1043 1556 pollice
1061 1488 1212 1556 conpositio
1232 1492 1291 1545 187.

209 1560 274 1628 6616
286 1560 362 1613 66166
380 1559 501 1627 pigneris
518 1558 648 1611 indicium
667 1575 714 1627 pa·
750 1558 905 1626 pomarium
924 1562 985 1614 234.

208 1631 283 1696 66661,
302 1629 408 1683 custodi
426 1630 524 1683 tollere
542 1633 603 1685 266.
751 1629 875 1697 pontifex
894 1633 958 1698 1113
975 1648 1003 1698 p.
1022 1629 1153 1683 territorii
1172 1633 1237 1699 1153
1256 1633 1291 1695 cf.

171 1704 294 1772 placere:
314 1701 388 1768 quod
406 1700 440 1753 de
454 1701 508 1753 illis
520 1701 571 1755 sibi
583 1701 714 1768 placitum
787 1700 938 1769 episcopus,
956 1701 1090 1755 sacerdos.

208 1772 299 1840 fuerit,
319 1775 389 1840 (rex)
403 1775 506 1824 statuat
525 1775 592 1840 1823
610 1788 714 1824 merces
750 1773 880 1840 populus,
911 1772 1020 1841 populi:
1051 1773 1169 1841 populus
1199 1775 1293 1826 noster

208 1844 309 1912 placita
338 1847 363 1898 4.
393 1847 452 1899 160.
484 1846 552 1911 265;
583 1842 714 1910 placitum

208 1919 316 1982 tempus
336 1941 368 1958 =
383 1917 514 1966 terminas
532 1917 637 1981 9.152;
656 1914 714 1981 616-

209 1987 294 2039 citum
306 1987 393 2039 eadem
406 1985 615 2051 significatione:
630 1984 713 2052 6661.

209 2073 352 2111 occurrere
365 2059 406 2112 60.
428 2087 459 2094 -
479 2056 612 2123 placitum
626 2082 657 2099 =
671 2057 713 2108 de·

209 2130 304 2194 finitio,
323 2133 473 2180 contractus
489 2129 533 2181 45.
552 2131 595 2182 66.
615 2129 657 2182 60.
671 2129 713 2182 61.

209 2202 258 2267 95;
277 2199 408 2266 placitum
427 2196 568 2250 defuturo
588 2197 713 2266 coniugio

211 2274 276 2337 1043
313 2270 350 2337 pl.
380 2268 631 2337 (manumissionis):
663 2268 714 2321 sub

209 2342 309 2409 placito
340 2340 467 2393 libertare
499 2339 617 2406 aliquem
649 2342 714 2407 1713

210 2416 273 2464 ante
285 2410 402 2464 iudicem
414 2411 545 2479 placitum
558 2409 649 2463 dicere
667 2411 713 2478 ie.;

209 2483 246 2552 pl.
266 2483 405 2535 divisionis
423 2485 490 2550 277;
509 2485 595 2534 terras
614 2480 713 2548 6661,

210 2554 244 2607 ad
253 2555 289 2623 pl.
300 2553 411 2606 canonis
421 2553 493 2620 dare,
507 2553 642 2620 suscipere
651 2554 713 2609 276.

209 2629 261 2681 279
271 2642 277 2693 ;
296 2625 346 2677 sub
358 2624 458 2692 placito
471 2623 639 2676 decimarum
650 2640 713 2690 por·

787 1844 832 1913 (aa.
852 1841 948 1910 Gothi)
969 1847 1037 1911 2143
1060 1843 1181 1896 universi
1197 1844 1293 1913 populi

786 1913 865 1983 regni
882 1914 969 1966 nostri
986 1918 1053 1982 277;
1072 1933 1098 1969 u.
1116 1932 1144 1983 p.
1163 1915 1198 1967 ad
1215 1915 1293 1983 regni

786 1985 873 2038 nostri
884 1985 1037 2053 provincias
1046 1985 1214 2052 pertinentes
1227 1989 1291 2053 3073

786 2056 956 2109 numerarius
975 2057 1019 2109 vel
1037 2056 1171 2124 defensor,
1191 2057 1293 2110 electus

787 2128 821 2181 ab
835 2127 967 2195 episcopis
979 2128 1023 2180 vel
1035 2127 1143 2196 populis
1161 2130 1227 2196 2973
1246 2127 1294 2195 qui

786 2200 952 2268 populorum
970 2202 1134 2267 potestatem
1153 2203 1181 2252 66
1199 2216 1293 2252 curam

787 2269 923 2337 accipiunt
941 2271 991 2338 ie.;
1009 2271 1126 2338 populos
1136 2270 1293 2339 adgravare,

786 2341 940 2407 inquietare
970 2342 1020 2408 ie.;
1051 2342 1215 2408 populorum
1247 2357 1293 2394 ex-

787 2429 876 2464 cessus
911 2413 980 2478 2993
1016 2412 1111 2479 populi
1144 2415 1293 2464 conventus

788 2484 848 2537 182.
861 2485 929 2550 308;
949 2485 1012 2534 6666
1030 2482 1162 2550 populum
1183 2485 1242 2538 110.
1260 2513 1292 2521 -

786 2552 882 2621 populi
918 2551 1025 2616 fideles,
1067 2551 1190 2606 infideles
1231 2556 1292 2609 299.

210 2696 301 2749 66616
320 2696 387 2748 silve
405 2695 493 2748 aliena
511 2695 620 2747 mittere
645 2697 713 2762 2563
750 2695 827 2764 porci
844 2697 999 2761 255-2573
1018 2710 1045 2760 p.
1064 2693 1114 2746 sub
1132 2693 1233 2761 placito
1246 2694 1292 2747 de-

209 2769 259 2820 sub
277 2771 352 2819 certo
364 2766 465 2834 placito
478 2765 604 2818 cautione
617 2765 714 2818 6611666

210 2838 331 2891 medicus
349 2836 488 2890 infirmum
507 2836 606 2904 accipit
618 2853 714 2889 curan-

209 2909 275 2961 dum
293 2912 361 2977 292;
380 2908 518 2961 medicum
536 2907 571 2960 ad
583 2908 714 2975 placitum

208 2997 258 3048 pro
271 2978 379 3032 infirmo
392 2979 526 3032 visitando
542 2983 590 3030 aut
601 2979 714 3031 vulnere

209 3051 329 3104 curando
355 3067 510 3119 exposcere,
536 3067 586 3117 pro
612 3049 714 3119 egritu-

209 3122 272 3175 dine
292 3122 327 3174 ad
344 3123 381 3190 pl.
395 3125 523 3189 expetere
541 3123 591 3189 ab,
610 3120 713 3188 inpleto

208 3194 309 3261 placito
340 3209 448 3245 servum
477 3191 716 3260 (mercennarium)

209 3263 321 3317 domino
339 3263 490 3316 reformare
508 3265 576 3331 2953
601 3293 632 3302 -
657 3263 714 3330 pla·

787 2766 919 2819 cimarum
945 2764 973 2816 in
999 2765 1067 2818 silva
1092 2764 1181 2817 aliena
1207 2765 1291 2818 intro·

786 2836 862 2889 missi
894 2839 961 2903 2563
995 2853 1022 2903 6.
1055 2835 1090 2888 66
1124 2839 1231 2903 pastum
1262 2837 1292 2890 in

786 2906 885 2977 glande
903 2907 1021 2974 suscepti
1042 2910 1105 2960 ante
1125 2907 1202 2959 datas
1220 2907 1292 2960 deci·

786 2995 844 3031 mas
856 2978 930 3030 furto
943 2977 1027 3030 levati
1043 2978 1094 3046 ib.;
1112 2980 1147 3042 cf.
1162 2977 1292 3043 decimae,

787 3049 937 3116 decimarc3
969 3049 1046 3117 porci
1074 3052 1195 3102 errantes
1226 3053 1291 3117 267;

786 3119 862 3190 porci
884 3120 914 3172 in
932 3119 1000 3172 silva
1018 3119 1123 3174 inventi
1144 3123 1206 3176 266.
1225 3123 1291 3188 267;

787 3209 872 3244 unum
900 3208 935 3244 ex
959 3191 1049 3258 porcis
1077 3191 1196 3259 occidat,
1224 3190 1292 3243 duos

786 3263 866 3316 tollat
883 3265 911 3315 et
929 3261 1035 3315 occidat
1053 3265 1113 3317 266.

209 3336 294 3388 citum
320 3334 503 3402 conscriptum
529 3337 571 3389 61.
591 3337 713 3389 79-81.
750 3334 1088 3403 perdomassem&
1113 3350 1140 3400 6.
1160 3333 1292 3386 consortis

209 3409 274 3474 311;
293 3405 393 3474 placita
404 3422 455 3473 per
467 3405 630 3472 scripturam
642 3402 715 3457 fecta

210 3481 256 3545 79;
269 3477 434 3545 placitorum
441 3477 592 3544 scripturae
601 3479 647 3543 77;
657 3475 714 3542 616-

209 3547 262 3600 6166
279 3548 323 3601 661
345 3547 467 3614 reliquae
490 3548 641 3615 scripturae
665 3549 714 3614 81;

209 3621 297 3672 eadem
321 3619 514 3684 sipaifiectioae
538 3622 582 3674 68.
606 3621 649 3672 77.
672 3621 714 3673 79.

209 3693 326 3745 86166.
346 3693 406 3745 302,
425 3692 486 3745 364.
499 3693 559 3744 312.
573 3693 638 3756 313;
657 3689 714 3756 616-

209 3761 292 3814 citum
311 3761 339 3812 in
357 3760 468 3813 nomine
486 3760 566 3829 regis,
584 3758 715 3828 principis

209 3831 321 3899 factum,
340 3832 524 3899 conscriptum
542 3834 609 3898 3113
630 3830 715 3899 plin

208 3902 320 3956 nomine
344 3902 441 3955 iudicis
459 3903 504 3956 661
522 3901 621 3954 saionis
640 3900 715 3953 insti-

786 3408 855 3473 278;
873 3405 964 3472 portio
976 3403 1154 3472 (hereditatis)
1169 3407 1211 3459 92.
1225 3407 1291 3472 306;

787 3476 896 3544 equales
914 3475 1053 3544 portiones
1073 3477 1132 3530 126.
1154 3477 1292 3542 126.128;

787 3547 937 3614 6666611666
975 3545 1130 3614 portionem
1170 3545 1292 3599 dividere

787 3622 852 3685 3173
879 3618 1002 3670 adultera
1026 3617 1131 3668 nullam
1149 3617 1221 3669 inter
1239 3615 1292 3668 fra·

786 3693 842 3742 tres
852 3689 951 3742 habeat
959 3688 1115 3756 portionem
1125 3689 1189 3755 105;
1201 3687 1292 3756 portio

786 3760 882 3813 matris
912 3758 1113 3813 usufructuaria
1152 3762 1192 3814 16.
1226 3762 1292 3826 128;

786 3831 877 3884 media
892 3831 1060 3899 666616127;
1079 3834 1135 3882 tres
1153 3829 1293 3898 portiones

789 3906 855 3968 1323
873 3902 1017 3955 trecesima
1035 3901 1125 3968 portio
1143 3904 1186 3957 82.

209 3977 299 4026 tutum
331 3977 377 4041 613
414 3974 450 4041 61.
483 3973 567 4025 trium
602 3972 715 4025 testium
751 3973 898 4042 possessio:
930 3973 1098 4041 possessione
1129 3975 1176 4024 666
1206 3970 1292 4024 61661-

208 4044 384 4098 roboratione
400 4042 539 4096 firmatum
558 4047 626 4111 203;
644 4060 716 4111 6666

208 4115 311 4184 placiti,
338 4132 410 4182 pena
435 4115 463 4168 in
488 4114 589 4183 placito
613 4115 716 4167 inserta

209 4194 253 4239 etc.
272 4190 314 4242 61.
329 4190 371 4242 79.
384 4190 428 4242 80.
449 4185 600 4253 —placite
621 4211 652 4229 =
667 4186 716 4237 sab

204 4259 306 4325 616666
324 4260 385 4313 266.

171 4329 308 4398 plagiare:
329 4345 447 4395 servum,
460 4327 586 4381 ancillam
598 4327 636 4396 61.
653 4330 716 4382 214.

209 4403 276 4467 215;
295 4399 445 4468 ingenuum
463 4399 500 4467 pl.
519 4401 670 4454 214-216.

172 4470 308 4540 plagiator
325 4472 386 4525 214.
404 4473 467 4526 216.

787 4044 862 4096 tione
880 4082 886 4095 .
901 4086 906 4097 .
921 4086 927 4098 .
947 4046 994 4096 aut
1007 4043 1097 4110 aliqua
1109 4042 1292 4095 transactione

787 4115 950 4166 translatum
962 4118 1030 4180 29ος
1049 4117 1135 4166 status
1147 4113 1218 4166 iuste
1231 4129 1292 4182 pos·

787 4185 912 4238 sessionis
937 4188 1004 4251 284;
1030 4185 1120 4252 longa,
1144 4185 1293 4254 longinqua

787 4254 920 4325 possessio
947 4259 1006 4311 145.
1030 4259 1091 4312 286.
1110 4259 1178 4324 289;
1204 4255 1293 4324 prima

787 4326 920 4396 possessio
945 4329 1014 4392 2893
1039 4325 1122 4379 iudex
1147 4326 1292 4395 possessio-

787 4415 851 4450 nem
869 4397 974 4465 petenti
993 4397 1152 4466 consignare
1164 4400 1293 4466 procuret

788 4472 856 4535 2863
877 4494 908 4512 =
928 4469 998 4536 6666
1013 4470 1182 4536 possidetur:
1200 4468 1293 4522 debita
