3264 5206
347 515 400 567 180
541 509 619 564 Lux
637 507 753 566 VISIG.
772 507 1041 566 Ruocussvmn.
1078 509 1129 577 vl,
1149 513 1174 578 1,
1192 513 1272 567 5—7.

347 694 461 758 uxoria
496 692 609 757 aliena
642 691 790 757 fortasse
824 691 1028 776 prodiderit,
1064 694 1189 757 horum
1218 693 1273 758 vel
1303 694 1466 758 similium

347 782 530 847 criminum
553 783 741 859 accusator,
765 800 832 863 que
856 781 900 844 ad
924 780 1046 865 capitis
1070 781 1263 865 periculum
1277 782 1334 847 vel
1352 803 1466 848 rerum

347 870 529 935 amissione
552 870 724 954 pertinere
743 863 938 946 videnturd,
963 870 992 933 si
1014 889 1096 934 vera
1117 871 1380 954 repperiuntur⁰
1401 892 1466 956 que

348 960 481 1035 dixerit,
510 957 644 1022 nullam
671 959 811 1022 omnino
840 957 1048 1022 calumniam
1071 959 1266 1023 sustinebit.
1313 959 1351 1024 Si
1374 965 1466 1025 certe

347 1047 438 1131 quod
468 1047 612 1131 opponit
640 1045 769 1110 falsum
799 1065 873 1110 essa
904 1047 1107 1123 constiterit,
1139 1051 1175 1112 et
1204 1067 1265 1131 par
1288 1048 1397 1112 solam
1419 1049 1467 1112 in-

346 1136 473 1200 vidiam
502 1135 539 1200 id
565 1135 688 1199 fecisse
712 1135 873 1219 patuerit,
902 1138 943 1198 ut
970 1135 1140 1200 iacturam
1168 1136 1290 1220 capitis
1321 1141 1382 1201 eut
1413 1138 1466 1202 de

346 1225 550 1288 trirnantum
580 1224 729 1308 corporis
758 1222 815 1287 rel
846 1242 962 1288 rerum
996 1224 1122 1287 demna
1157 1227 1333 1308 pateretur
1364 1246 1466 1308 quem

347 1331 507 1377 accusare
531 1316 676 1376 conatus
699 1314 761 1386 est,
790 1313 827 1374 in
851 1314 1023 1396 potestate
1045 1313 1196 1377 traditus
1220 1313 1381 1389 accusati,
1406 1313 1466 1378 ille

347 1403 436 1465 hanc
452 1419 578 1485 penam
599 1401 637 1464 in
660 1419 696 1464 se
719 1401 857 1482 suisque
877 1400 980 1464 rebus
1004 1401 1178 1485 suscipiat,
1202 1402 1262 1484 qui
1277 1403 1343 1466 hoo
1360 1402 1466 1466 alium

346 1491 567 1554 innocentem
589 1489 663 1573 pati
686 1488 854 1553 voluerat.
902 1487 959 1552 Ita
982 1493 1023 1552 ut
1046 1488 1116 1567 ille,
1143 1490 1203 1573 qui
1225 1489 1356 1573 aliquid
1381 1491 1466 1555 scire

347 1598 383 1643 se
408 1578 501 1655 dicit,
526 1579 619 1661 quod
643 1579 687 1641 ad
704 1577 935 1660 cognitionem
953 1578 1116 1662 principis
1139 1579 1247 1662 possit
1271 1579 1405 1653 deduci,
1431 1583 1465 1644 et

345 1668 383 1729 in
406 1685 447 1731 eo
470 1666 546 1731 loco
569 1666 686 1743 fuerit,
715 1665 776 1730 ubi
799 1669 884 1728 tunc
907 1665 1039 1748 regiam
1061 1670 1269 1750 potestatem
1293 1687 1366 1732 esse
1392 1688 1466 1732 con·

345 1755 475 1838 tigerit,
504 1757 566 1818 aut
593 1774 713 1838 perse
737 1746 890 1818 istacim‘
917 1758 1080 1837 suggerat
1104 1775 1213 1832 omne,
1243 1757 1336 1838 quod
1358 1757 1464 1834 novit,

347 1847 408 1907 aut
436 1863 496 1928 per
523 1842 661 1907 fidelem
687 1842 778 1925 regis
805 1843 878 1906 aius
902 1843 1078 1907 auditibus
1102 1843 1368 1908 denuntiandag
1394 1866 1466 1929 pro-

347 1935 454 1995 curet.
501 1929 602 2009 Quod
629 1931 658 1994 si
686 1930 806 2014 procul
834 1951 856 1994 a
881 1949 962 2013 rege
993 1950 1072 1995 eum
1099 1951 1172 1996 esse
1196 1933 1401 2016 provenerit,
1432 1937 1466 1998 et

346 2039 408 2104 per
423 2018 572 2102 aliquem
595 2017 743 2103 principi
762 2011 1023 2083 mandandumh
1043 2021 1237 2097 crediderit,
1261 2022 1354 2104 quod
1369 2042 1465 2086 accu-

347 2108 515 2172 sationem
531 2107 672 2171 alterius
689 2107 879 2171 dinoscitur
894 2108 1076 2191 pertinere,
1102 2128 1216 2172 coram
1231 2108 1303 2187 illo,
1328 2110 1385 2173 cui
1400 2111 1466 2174 hoo

347 2196 601 2279 suggerendum
617 2195 812 2273 committit,
828 2195 944 2260 talem.
953 2195 1135 2280 epistolam
1149 2197 1267 2274 faciat,
1287 2218 1348 2282 per
1363 2219 1466 2282 quam

348 2285 523 2349 evidenter
546 2285 630 2367 quid
653 2284 796 2348 mandet
818 2287 978 2368 exponat.
1018 2283 1130 2363 Quam
1153 2286 1259 2350 etiam
1281 2286 1466 2370 epistulam

346 2376 417 2437 tres
445 2375 566 2449 testes,
602 2392 687 2455 quos
722 2372 788 2436 sibi
822 2365 939 2436 nobit¹
976 2392 1049 2438 esse
1079 2373 1212 2450 fideles,
1247 2375 1465 2440 evidentibus

347 2462 454 2544 signis
484 2464 546 2524 aut
575 2460 860 2546 suscriptionibus
895 2461 998 2525 simul
1031 2481 1109 2525 cum
1138 2463 1213 2546 ipso
1243 2463 1394 2540 firment,
1426 2468 1466 2526 ut

347 2553 467 2632 postea
489 2550 581 2633 quod
604 2549 820 2614 mandaverit
843 2568 969 2631 negare
992 2571 1063 2614 non
1085 2551 1203 2634 possit.

560 2719 612 2776 v1.
641 2718 809 2775 FLAVIUS
828 2717 1141 2776 GHINDASVINDUS
1160 2719 1248 2776 Rux.

369 2833 429 2896 De
457 2832 672 2897 servanda
697 2832 976 2916 principibus
999 2832 1195 2916 pietate⁸
1222 2836 1442 2916 parcendi.

454 2937 768 3021 Quotienscumque
783 2938 882 3002 nobis
898 2960 960 3022 pro
976 2939 1040 3016 his,
1065 2939 1123 3022 qui
1146 2940 1183 3002 in
1203 2941 1315 3004 causis
1338 2942 1465 3006 nostris

346 3027 462 3111 aliquo
486 3028 628 3092 crimine
651 3026 810 3111 inplicati
833 3031 924 3104 sunt,
951 3027 1174 3111 subplicatur,
1200 3032 1235 3092 et
1258 3030 1465 3112 suggerendi

346 3116 529 3180 tribuimus
571 3116 706 3180 aditum
744 3118 780 3179 et
817 3115 875 3199 pia
917 3115 1137 3180 miseratione
1183 3116 1464 3200 delinquentibus

347 3204 465 3289 culpas
495 3204 653 3268 omittere
683 3206 800 3267 nostre
832 3204 998 3287 potestati
1027 3225 1211 3268 servamus.
1263 3205 1331 3269 Pro
1362 3226 1465 3270 causa

347 3296 464 3356 autem
479 3292 592 3375 gentis
616 3295 651 3356 et
674 3292 806 3375 patriae
829 3292 1028 3356 huiusmodi
1050 3292 1228 3358 licentiam
1244 3294 1464 3378 denegamus.

347 3379 447 3459 Quod
479 3380 508 3442 si
543 3379 659 3443 divina
693 3380 867 3444 miseratio
900 3383 975 3444 tam
1009 3381 1184 3446 sceleratis
1218 3383 1372 3466 personis
1408 3403 1466 3447 cor

346 3467 510 3551 principis
539 3467 692 3531 misereri
722 3467 930 3551 conpulerit,
962 3488 1040 3532 cum
1070 3470 1218 3534 adsensu
1247 3472 1466 3535 sacerdotum

346 3547 601 3638 maiorumquel'
617 3555 739 3638 palatii
755 3555 933 3620 licentiam
947 3557 1133 3622 miserandi
1148 3557 1299 3623 libenter
1310 3559 1464 3624 habebit.

744 3706 812 3766 vu
842 3707 1055 3779 auricula.

347 3819 467 3898 Quod
489 3820 570 3884 ille
594 3820 713 3884 solus
736 3813 1002 3905 culpavilisl'
1025 3822 1125 3899 erit,
1149 3823 1221 3906 qui
1245 3823 1466 3909 culpanda

770 3909 1036 3973 conmiserit.

453 4013 577 4080 Omnia
605 4014 749 4079 crimina
776 4035 855 4079 suos
882 4019 1071 4098 sequantur
1097 4019 1243 4095 autores,
1274 4038 1337 4082 neo
1366 4022 1465 4102 pater

345 4123 407 4186 pro
430 4102 512 4181 filio,
542 4123 606 4168 nec
635 4103 728 4168 filius
758 4124 819 4187 pro
849 4107 1017 4187 patrem⁰,
1047 4123 1111 4169 nec
1134 4125 1220 4170 uxor
1242 4127 1304 4190 pro
1327 4107 1462 4184 marito,

452 4273 476 4323 d)
488 4275 522 4314 lto
535 4275 588 4326 823
608 4272 700 4315 videtur
713 4274 761 4317 ΕΙ.
827 4277 849 4323 e)
863 4275 1022 4326 repperiantur
1035 4276 1084 4320 Bt.
1150 4271 1322 4325 ortatim'BS.
1389 4280 1413 4328 g)
1426 4276 1465 4318 de·

344 4325 493 4368 nuntiandam
507 4329 553 4370 131.
607 4327 631 4374 h)
645 4324 775 4367 mandatnm
788 4328 836 4372 121,
889 4328 907 4380 l)
919 4328 985 4368 novit
997 4329 1047 4371 ΒΞ,

451 4380 490 4423 Ἦ,
521 4383 543 4428 a)
557 4381 590 4418 lto
603 4384 623 4418 ct
636 4380 671 4418 hic
684 4384 704 4418 at
716 4391 786 4429 aspro
799 4381 823 4419 in
836 4382 906 4420 indice
919 4382 1058 4421 rubricarum
1072 4382 1119 4425 121.
1128 4383 1154 4434 ἡ
1168 4387 1281 4433 potestate
1295 4385 1343 4427 alii.
1384 4385 1407 4434 b)
1421 4395 1465 4434 que

345 4434 402 4472 dm
415 4434 503 4528 Min.
544 4488 566 4534 ι)
579 4486 636 4525 aaut
649 4486 697 4530 aa.
753 4487 776 4535 u)
790 4487 883 4536 culpans
898 4487 947 4531 rra.
1001 4489 1021 4535 a)
1035 4491 1100 4537 pauo
1113 4488 1163 4532 aa.
