3264 5206
381 511 459 565 LEX
477 509 591 566 VISIG.
610 509 880 567 REGOIISSVIND.
917 509 968 578 VI,
988 513 1013 576 4,
1033 513 1057 566 1.
1076 512 1101 564 2.
1253 511 1306 565 185

186 694 275 757 IHI.
289 693 501 759 TITULUS:
526 693 589 758 DIl
606 693 825 758 VULNIIRE
845 693 904 757 ET
922 692 1304 758 DEBILITATIONII.

279 819 308 881 Ι.
343 818 397 883 De
422 818 563 882 cedibus
586 819 730 901 ingenui
754 819 865 901 adque
889 819 988 882 servi.

259 907 308 970 II.
344 907 398 972 De
421 905 693 992 presumtoribus
717 911 753 971 et
776 907 935 990 operibus
959 910 1221 990 presumtornm.

239 996 309 1059 ΙΙΙ.
344 995 398 1059 De
425 997 602 1060 reddendo
632 995 824 1060 talionema
856 999 891 1059 et
919 987 1188 1079 conpositionisb
1217 1015 1304 1059 sum-

344 1089 455 1148 mam⁰
483 1079 566 1167 pro‘l
592 1104 663 1147 non
685 1082 861 1148 reddendo
883 1078 1049 1148 talionel.

219 1173 309 1237 IIII.
345 1171 382 1236 Si
411 1173 634 1237 itinerantem
663 1173 739 1255 quis
769 1172 951 1236 retinuerit
981 1172 1163 1236 iniuriose⁰
1192 1172 1304 1255 adque

343 1260 513 1326 nolenter.

267 1350 308 1413 V.
344 1349 393 1414 Ut
415 1351 475 1433 qui
498 1349 600 1415 alteri
624 1369 665 1415 ea
686 1349 856 1425 intulerit,
881 1369 946 1432 que
970 1349 1105 1434 legibus
1126 1370 1196 1413 non
1212 1351 1304 1413 tene

343 1431 435 1516 turs,
459 1437 549 1502 illcss
573 1437 729 1522 recipiat,
753 1458 820 1521 qne
843 1438 966 1502 fecisse
990 1438 1244 1501 convincitur&

248 1527 308 1590 VI.
344 1526 397 1591 Ne
427 1527 473 1590 sit
502 1547 594 1604 reus,
627 1526 685 1610 qui
715 1530 893 1610 percutere
916 1526 1091 1591 volentem
1121 1530 1202 1590 ante
1232 1546 1305 1610 per-

345 1617 498 1680 ourserit.

226 1703 309 1767 VII.
345 1703 383 1766 si
406 1724 523 1769 servus
546 1704 696 1788 ingenuo
719 1704 843 1769 feeerit
867 1703 1125 1769 contumelium.

206 1791 308 1856 VIII.
345 1792 382 1855 si
404 1793 576 1877 ingenuus
599 1794 789 1876 ingenuum
811 1785 1022 1878 percutinth.

183 1879 307 1945 VIIII.
344 1881 381 1946 Si
404 1882 447 1945 ab
471 1882 621 1965 ingenuo
645 1900 762 1945 servus
786 1881 989 1947 debilitetur
1012 1881 1165 1945 ulterius.

263 1971 307 2033 X.
343 1970 380 2034 si
403 1990 520 2034 servus
543 1971 732 2054 ingenuum
755 1971 938 2054 percutiat.

242 2058 307 2122 XI.
343 2059 380 2122 Si
403 2079 519 2123 servus
544 2079 678 2124 servum
703 2058 864 2125 debilitet
886 2059 1048 2124 alienum.

407 2229 431 2286 Ι.
462 2229 631 2287 FLAVIUS
651 2228 965 2286 OHINDASVINDUS
983 2229 1070 2286 REX.

343 2342 403 2407 De
432 2343 612 2408 cedibus
641 2343 824 2427 ingenui
850 2344 988 2427 adque
1017 2344 1141 2408 servi.

290 2449 327 2513 si
350 2449 520 2533 ingennus
543 2451 733 2534 ingenuum
749 2450 904 2534 quolibet
927 2451 1026 2514 hictu
1048 2451 1085 2514 in
1102 2451 1215 2534 capite
1231 2471 1303 2534 per-

184 2538 336 2615 cusserit,
368 2559 430 2622 pro
459 2538 568 2603 libore
599 2541 658 2603 det
688 2538 815 2604 solidos
838 2551 874 2617 V,
906 2561 967 2624 pro
998 2543 1077 2604 cute
1100 2544 1204 2624 rupta
1227 2538 1302 2603 soli-

185 2627 245 2690 dos
272 2636 315 2702 X,
348 2647 410 2711 pro
439 2627 568 2711 plcgsa
601 2647 709 2710 nsque
740 2628 784 2691 ad
814 2622 952 2692 ossumb
987 2628 1113 2693 solidos
1140 2639 1209 2706 XX,
1241 2651 1302 2712 pro

184 2734 259 2778 osso
286 2714 399 2779 fracto
427 2715 553 2779 solidos
577 2727 608 2782 O.
656 2715 756 2795 Quod
785 2717 813 2780 si
842 2718 1014 2800 ingenuus
1044 2719 1109 2782 hoc
1138 2719 1176 2781 in
1206 2739 1302 2783 servo

185 2803 297 2868 alieno
332 2805 542 2882 conmiserit,
583 2806 805 2870 medietatem
840 2807 1022 2890 superioris
1057 2807 1302 2890 conpositionis

185 2891 331 2956 exolvat.
382 2892 420 2956 Si
448 2913 529 2957 vero
559 2913 675 2958 servus
705 2895 742 2956 in
773 2915 869 2959 servo
899 2896 965 2959 hoc
994 2895 1130 2974 fecerit,
1161 2897 1302 2961 tertium

184 2981 336 3045 ciusdem
364 2982 609 3065 conpositionis
638 2982 815 3066 adinplect
844 2987 880 3048 et
908 2995 933 3048 L
960 2983 1099 3067 flagella
1126 2985 1300 3069 suscipiat.

185 3067 220 3131 Si
248 3072 365 3134 autern
395 3090 511 3134 servus
534 3071 725 3153 ingenuum
747 3071 994 3150 vulneraverit,
1026 3073 1077 3135 ita
1107 3077 1299 3156 componat,

184 3157 273 3220 sicut
308 3179 386 3222 oum
420 3159 590 3242 ingenuus
627 3179 763 3223 servum
796 3160 1030 3225 vulneraverit
1064 3160 1229 3239 alienum,
1265 3166 1301 3226 et

182 3255 262 3310 LXX
292 3245 431 3329 flogella
465 3248 638 3330 suscipiat.
693 3247 729 3311 Si
759 3268 839 3312 vero
870 3250 1028 3313 dominus
1057 3250 1209 3314 noluerit
1238 3272 1300 3335 pro

183 3353 277 3398 servo
302 3355 504 3420 conponere,
529 3355 645 3400 servus
668 3338 827 3401 trudatur
850 3357 911 3420 pro
935 3339 1087 3402 crimine.

596 3489 635 3544 Π.
667 3489 879 3560 Aurrouna.

182 3598 240 3663 De
274 3602 624 3682 presumtoribus
657 3606 699 3666 et
731 3603 935 3687 operibus
971 3609 1298 3688 presumtorum.

287 3706 324 3769 si
347 3708 423 3790 quis
448 3709 629 3792 evaginato
653 3709 769 3792 gladio
793 3710 847 3774 vel
872 3710 1026 3794 quolibet
1050 3732 1174 3795 genere
1194 3733 1299 3777 srmo-

88 3831 90 3836 ·
180 3815 257 3858 rum
284 3797 439 3858 munitus
473 3797 683 3880 presumtivo
711 3800 812 3862 modo
840 3799 877 3862 in
901 3801 1002 3864 domo
1025 3800 1173 3865 alienum
1196 3801 1299 3866 intra-

180 3885 276 3960 verit,
303 3885 443 3968 cupiens
467 3887 644 3949 dominum
660 3886 781 3950 domus
805 3881 1019 3952 hoccidereb:
1044 3889 1072 3952 si
1096 3890 1169 3974 ipse
1191 3891 1300 3954 fuerit

181 3973 320 4050 occisus,
352 3973 553 4039 nullatenus
581 3975 813 4057 requirntnr13
845 3977 898 4040 sin
922 3979 1038 4041 antem
1061 3978 1143 4062 ipse,
1175 3979 1235 4062 qni
1262 3979 1298 4042 in

285 4145 342 4186 ΤΙΤ,
357 4145 411 4188 IIII.
445 4149 466 4193 u)
482 4147 565 4186 tallone
579 4147 627 4187 Μ.
672 4147 695 4194 b)
711 4148 893 4196 conpensationis
907 4149 953 4191 121.
995 4149 1015 4200 o)
1029 4160 1115 4189 summu
1130 4151 1179 4193 122.
1220 4148 1243 4197 d)
1258 4162 1299 4199 pro

180 4217 205 4225 -
219 4197 420 4240 inhonorosum,
485 4199 664 4247 e)iniustcR1.
725 4201 789 4248 nita
802 4202 854 4252 1213
877 4202 1006 4242 continetur
1020 4203 1072 4252 E13
1095 4203 1298 4246 conIIncnturRl.

180 4252 202 4298 13)
215 4251 271 4290 deest
285 4251 331 4293 ΕΙ.
341 4252 360 4294 2.
415 4253 438 4299 h)
452 4253 590 4301 percusserit
603 4254 624 4292 R
633 4254 652 4294 1.

285 4305 303 4345 Ι,
343 4305 505 4354 a)placaRl.
559 4307 708 4354 b)ossoR1.

284 4358 314 4398 II.
355 4360 378 4405 u)
392 4359 448 4397 deest
461 4359 482 4397 R
492 4360 510 4401 2.
564 4360 587 4408 b)
602 4358 705 4400 occidere
721 4360 741 4398 R
750 4361 769 4402 2.

181 4479 206 4545 1)
224 4481 265 4545 Of.
284 4482 316 4537 L.
336 4482 412 4537 Rom.
426 4483 480 4536 Vis.
495 4483 522 4534 C.
540 4483 587 4536 Th.
607 4483 658 4549 IX,
680 4488 722 4551 11,
742 4487 767 4538 2.
786 4485 905 4553 Intocpr.
