3218 5202
330 489 365 542 dd
526 483 604 538 Lux
622 482 737 540 VISIG.
757 479 1025 538 Rnccussvmn.
1063 481 1142 550 11,1‚
1161 487 1203 538 26.
1223 487 1266 539 27.

402 661 510 718 XXVI.
541 661 710 717 FLAVIUS
730 659 945 716 GLORIOSUS
964 657 1275 716 REGOESSVINDUS
1293 659 1385 718 REX.

329 775 387 842 Ut
410 795 530 840 omne
553 774 792 850 vinculum,
818 773 930 856 quod
952 775 1050 856 post
1072 772 1219 836 datum
1239 773 1462 836 iniustum

330 865 544 929 iudicium
568 885 588 926 a
612 863 854 928 causidicis
874 861 1016 925 fuerit
1040 864 1274 937 exactum⁸,
1299 861 1462 926 habea·

711 955 784 1013 tur
813 950 1069 1014 invalidum.

437 1059 596 1124 Vidimus
630 1058 806 1122 interdum
839 1056 1010 1121 iustitiam
1044 1056 1087 1121 ab
1120 1056 1247 1140 iniquis
1281 1057 1462 1120 iudicibus

331 1143 387 1214 etb
407 1169 468 1212 suo
491 1148 567 1212 loco
588 1147 775 1213 seclusam⁰
797 1149 832 1210 et
848 1145 964 1210 devito
979 1145 1097 1229 vigore
1114 1139 1299 1222 solutamd,
1323 1146 1462 1209 iniusti-

329 1239 413 1302 tiam
446 1240 562 1302 autem
593 1241 628 1301 et
658 1235 734 1300 loco
764 1235 919 1300 iustitiae
953 1234 1209 1298 introductam⁰
1245 1227 1301 1298 etf
1336 1235 1462 1298 multis

330 1327 441 1390 modis
471 1327 687 1390 decretorum
716 1323 864 1389 vinculis
898 1323 1113 1407 alligatam&
1167 1321 1316 1401 Quidam
1352 1324 1461 1399 enim,

330 1418 513 1499 postquam
535 1414 664 1478 iudicia
686 1405 837 1476 iniustah
864 1413 1138 1496 conscripserint,
1171 1415 1231 1475 aut
1259 1433 1366 1475 unam
1398 1416 1463 1504 aut

331 1504 448 1568 ambas
478 1503 695 1568 causantium
724 1505 840 1586 partes
871 1501 1080 1586 placitorum
1106 1501 1198 1565 inter
1225 1521 1260 1565 se
1284 1501 1454 1566 nexibus¹

330 1593 451 1676 ligant,
476 1613 519 1656 ne
542 1592 670 1655 iniuste
689 1590 811 1654 datum
825 1590 994 1654 iudicium
1009 1590 1214 1673 quandoque
1237 1584 1352 1653 susak
1381 1612 1461 1654 con·

329 1681 485 1746 tentione
509 1680 693 1744 resolvant.
729 1680 836 1756 Adeo,
861 1678 922 1742 ubi
941 1699 1012 1742 non
1028 1679 1180 1743 directus
1204 1682 1239 1743 et
1262 1679 1461 1763 beneplaci-

329 1762 404 1833 tus¹
435 1772 487 1834 est
515 1768 752 1832 convenientis
782 1768 914 1846 modus,
946 1768 1007 1832 sed
1033 1767 1094 1831 ubi
1121 1788 1184 1851 pro
1208 1768 1462 1852 conprimenda

329 1859 420 1921 iuste
450 1859 662 1921 causantesm
691 1856 885 1920 intentione
908 1856 964 1920 vel
987 1877 1069 1921 voce
1099 1857 1344 1940 repperiuntur
1375 1878 1460 1940 quo·

330 1966 476 2029 cumque
506 1946 647 2009 modum
675 1945 937 2010 definitionumn
964 1945 1103 2008 vincula
1133 1945 1317 2028 conligata,
1349 1947 1461 2008 omni-

330 2035 440 2097 modis
463 2035 658 2099 habeantur
676 2034 830 2098 invalida
852 2053 916 2098 nec
940 2034 1009 2097 sint
1033 2034 1287 2098 adinventionis
1306 2033 1460 2098 alicuius

330 2123 516 2189 conexione
540 2125 685 2187 firmata.

394 2312 518 2369 XXVII.
548 2310 717 2367 FLAVIUS
736 2309 951 2366 GLORIOSUS
969 2309 1279 2366 RECOESSVINDUS
1297 2308 1387 2368 REX.

330 2425 385 2488 Ut
419 2425 659 2487 iniustuma
697 2424 911 2488 iudicium
946 2426 989 2486 et
1022 2424 1236 2488 definitio
1271 2425 1456 2501 iniusta,

329 2513 451 2596 regio
472 2515 588 2576 metu
606 2512 676 2576 vel
696 2512 820 2575 iussu
840 2534 860 2575 a
879 2512 1105 2576 iudicibus
1126 2514 1346 2590 ordinata,
1369 2535 1458 2578 non

788 2600 977 2664 valeant.

436 2709 704 2790 Nonnumquam
734 2699 903 2790 grauedob
931 2708 1113 2791 potestatis
1145 2709 1331 2792 depravare
1363 2709 1457 2773 solet

329 2797 463 2861 iustitia
486 2798 641 2873 actionis,
665 2816 741 2879 que,
767 2797 849 2859 dum
873 2800 972 2880 sepe⁰
1000 2797 1104 2873 valet,
1129 2799 1223 2860 certo
1248 2801 1308 2874 est,
1334 2793 1454 2879 quod‘l

329 2906 463 2970 semper
494 2889 612 2963 nocet;
648 2885 762 2968 quia⁰‚
800 2884 882 2946 dum
911 2885 1112 2967 frequenter
1140 2886 1259 2968 vigore
1289 2887 1457 2969 ponderis
1530 2939 1533 2944 .
1593 2873 1595 2914 ¹⁶

328 2975 498 3038 iustitiam
528 2975 663 3058 premit,
694 2993 882 3056 numquam
911 2973 949 3035 in
978 2967 1107 3036 istatuf
1141 2995 1201 3038 suc
1231 2975 1457 3038 rectitudinis

329 3063 419 3128 hane
448 3064 560 3128 redire
590 3062 772 3147 permittit.
820 3061 982 3144 Ideoque,
1014 3063 1095 3144 quia
1123 3068 1230 3146 sepeg
1255 3063 1458 3148 principum

329 3156 425 3216 metu
451 3153 507 3216 vel
536 3153 633 3215 iussu
662 3151 774 3215 solent
804 3151 935 3214 iudices
965 3152 1142 3214 interdum
1171 3151 1318 3228 iustitie,
1350 3153 1458 3216 inter-

330 3233 432 3303 dumh
455 3240 590 3323 legibus
607 3231 800 3303 contrariah
820 3239 981 3314 iudicare,
1007 3244 1148 3323 propter
1171 3242 1236 3304 hoo
1259 3240 1458 3322 tranquilli-

328 3330 411 3392 tatis
442 3333 558 3391 nostre
590 3349 658 3391 uno
689 3328 915 3392 medicamine
946 3329 1165 3392 concedimus
1196 3330 1264 3393 duo
1288 3329 1380 3392 mala
1404 3349 1456 3392 sa·
1530 3386 1538 3402 ,.

328 3438 425 3493 nare,
457 3417 694 3492 decernentes
726 3420 779 3492 ut,
813 3437 891 3480 cum
920 3411 1113 3500 repertumi
1144 3418 1266 3494 fuerit,
1303 3417 1457 3500 qualem-

329 3525 475 3588 cumque
499 3499 689 3588 scripturek
709 3508 925 3568 contractum
948 3525 1009 3569 seu
1029 3507 1268 3589 quodcumque
1284 3507 1458 3570 iudicium

328 3614 398 3656 non
421 3593 556 3656 iustitia
577 3592 633 3657 vel
657 3594 782 3657 debitis
806 3593 950 3676 legibus,
976 3594 1036 3658 sed
1059 3595 1155 3658 iussu
1174 3598 1235 3658 aut
1251 3598 1347 3659 metu
1362 3595 1458 3678 prin-

329 3682 445 3765 cipum
469 3703 541 3746 esse
565 3683 771 3757 confectum,
797 3685 833 3746 et
856 3683 931 3759 hoc,
957 3682 1049 3764 quod
1073 3684 1213 3747 obvium
1240 3683 1372 3746 iustitie
1396 3684 1457 3748 vel

329 3771 463 3853 legibus
493 3772 685 3835 iudicatum
716 3774 768 3834 est
799 3771 909 3852 adque
940 3765 1174 3849 concretum¹‚
1205 3773 1242 3834 in
1265 3772 1376 3835 nihilo
1404 3793 1457 3836 re-

328 3860 451 3937 secem,
483 3863 518 3924 et
548 3880 615 3937 eos,
647 3860 706 3943 qui
735 3859 1003 3923 iudicaveruntn
1029 3861 1085 3924 vel
1115 3862 1180 3924 hoc
1210 3861 1325 3924 facere
1357 3881 1457 3943 coge-

435 4050 514 4092 XXVI.
555 4053 577 4099 a)
591 4050 729 4100 exagitatum
743 4052 793 4092 ΕΙ.
846 4050 869 4098 b)
883 4049 908 4089 in
921 4051 970 4092 121.
1025 4052 1045 4099 c)
1059 4050 1148 4090 seclusa
1161 4052 1211 4094 121.
1270 4049 1294 4100 d)
1308 4050 1382 4090 soluta
1397 4052 1454 4102 1213

329 4103 450 4144 resolutam
464 4105 513 4146 ΒΞ,
562 4107 583 4152 s)
597 4102 727 4143 intruducta
740 4104 790 4146 122.
837 4103 893 4151 Ost
907 4124 933 4132 -
946 4103 1061 4152 alligatam
1074 4105 1174 4147 dealtl.
1223 4106 1246 4154 g)
1260 4105 1293 4142 tta
1306 4105 1361 4153 1³15
1375 4105 1457 4152 alliga·

329 4158 435 4200 tumM.
502 4157 527 4205 h)
540 4157 597 4196 deest
610 4157 659 4200 121.
726 4157 743 4205 i)
757 4157 853 4197 noxibus
868 4158 917 4199 121.
985 4157 1009 4205 k)
1023 4157 1067 4197 ista
1080 4159 1130 4200 ΕΙ.
1191 4159 1207 4207 l)
1221 4158 1388 4207 beneplacitum
1404 4159 1456 4202 121.

328 4212 359 4257 m)
373 4211 388 4253 t.
397 4221 414 4252 e.
429 4211 551 4258 causantis,
567 4212 623 4260 quod
637 4221 648 4248 e
663 4220 719 4253 corr.
733 4211 754 4249 R
763 4210 783 4253 2.
836 4212 860 4258 n)
874 4209 1042 4250 deuinlcionum
1056 4211 1077 4249 R
1087 4212 1107 4254 1,

434 4263 526 4306 XXVII.
567 4265 589 4311 a)
607 4265 691 4302 lustum
705 4264 753 4305 ΕΙ,
827 4264 850 4311 b)
870 4265 902 4302 ita
915 4263 956 4302 Et
971 4269 991 4302 ct
1005 4265 1058 4312 alta·
1077 4261 1194 4313 gravando
1208 4265 1261 4314 1213
1284 4261 1384 4313 gravedo
1397 4264 1455 4314 1223

328 4317 460 4366 gravaEI.
501 4319 522 4366 c)
536 4318 664 4366 superRl.
705 4315 729 4364 d)
744 4320 769 4356 ut
783 4317 831 4358 Ra.
872 4320 894 4365 e)
908 4315 1000 4365 quidam
1010 4328 1055 4366 pro
1070 4314 1191 4365 quisdam
1205 4319 1252 4360 121.
1292 4317 1387 4366 natatu
1401 4318 1455 4366 122,

328 4371 365 4408 ubt
379 4370 403 4409 in
416 4370 480 4412 deest.
540 4372 563 4419 g)
577 4381 619 4420 per
636 4370 687 4411 aad.
701 4371 750 4412 111.
811 4370 836 4419 h)
850 4371 906 4409 deest
920 4371 969 4413 122.
1030 4371 1046 4420 l)
1061 4375 1167 4419 repperto
1181 4371 1230 4414 122.
1291 4370 1316 4418 k)
1329 4371 1389 4410 scire
1404 4371 1456 4414 121.

328 4424 345 4471 l)
359 4427 490 4473 congrstum
504 4424 553 4467 131.
611 4425 641 4471 m)
656 4421 752 4464 redeant
765 4424 814 4466 Rl.
874 4426 899 4472 n)
912 4420 1042 4464 iudicarunt
1056 4425 1108 4474 1215
1130 4422 1283 4464 iudicaverlnt
1297 4433 1353 4466 corr.
1367 4421 1457 4464 ludica-

329 4482 412 4517 verunt
425 4477 473 4520 132.
