3264 5206
400 1315 474 1388 nn
512 1315 1089 1390 ranusaorrovrssus.

458 1523 668 1632 LIBER
706 1519 1032 1654 QUINTUS.

276 1758 305 1821 1.
322 1755 536 1820 TITULUS:
568 1755 631 1818 ΒΕ
655 1754 1031 1820 nsonnsiasrions
1054 1755 1214 1820 REBUS.

280 1882 309 1943 Ι.
345 1880 398 1944 De
423 1879 667 1943 donationibus
691 1879 842 1944 ecclesiis
867 1881 966 1943 datis.

260 1969 309 2032 Π.
346 1968 398 2071 De
423 1968 680 2032 conservatione
703 1972 739 2032 et
759 1969 1060 2051 redintegratione
1076 1969 1305 2033 ecclesiastice

241 2146 310 2209 ΠΙ.
345 2078 405 2210 rldd
415 2145 672 2210 venditionibus
688 2148 724 2210 et
740 2145 983 2209 donationibus
996 2145 1304 2210 ecclesiasticarum

221 2324 311 2387 IIII.
346 2255 426 2387 rlddu
427 2256 536 2386 1idibus
572 2323 713 2386 ecclesie
749 2322 792 2385 ab
827 2323 882 2385 his
916 2323 1091 2405 possessis,
1130 2323 1189 2406 qui
1223 2326 1305 2386 sunt

347 2411 489 2477 ecclesie
512 2411 684 2494 obsequiis
707 2410 935 2494 mancipatia.
1059 2457 1064 2466 .

301 2564 325 2622 I.
352 2563 520 2619 FLAVIUS
539 2562 753 2618 GLORIOSUS
771 2563 1080 2619 Rusonssvmuus
1098 2563 1185 2620 REX.

347 2676 406 2740 De
438 2676 753 2740 donationibus
783 2675 988 2739 ecclesiis
1018 2677 1143 2740 datis.

294 2783 330 2846 Si
353 2782 564 2846 famulorum
587 2783 718 2846 meritis
742 2783 831 2846 iuste
855 2781 1082 2865 conpellimur
1098 2781 1213 2846 debite
1230 2801 1305 2845 con-

187 2891 330 2955 pensare
359 2871 457 2935 lucra
485 2870 661 2947 mercedis,
692 2874 822 2954 quanto
852 2871 921 2934 iam
951 2871 1145 2954 copiosiusa
1173 2891 1234 2955 pro
1257 2892 1305 2934 re-

188 2961 307 3024 mediis
342 2960 535 3023 animarum
569 2959 695 3022 divinis
725 2959 876 3023 cultibus
906 2963 941 3023 et
969 2962 1107 3023 terrena
1142 2960 1304 3023 debemus

187 3049 374 3133 inpendere
408 3052 444 3112 et
478 3049 622 3132 inpensa
655 3047 772 3132 legum
807 3048 982 3112 soliditate
1017 3068 1161 3112 servare.
1218 3046 1305 3125 Qua-

187 3141 336 3221 propter,
373 3157 586 3220 quecumque
620 3157 674 3200 res
709 3137 838 3200 sanctis
868 3135 936 3200 Dei
955 3135 1120 3200 basilicis
1155 3140 1216 3199 aut
1244 3156 1305 3220 per

187 3226 380 3310 principum
404 3229 465 3289 aut
488 3245 549 3310 per
565 3218 822 3308 quorumlibetb
842 3225 997 3288 fidelium
1012 3225 1213 3289 donationes
1231 3245 1304 3288 con-

188 3315 258 3378 late
286 3315 529 3399 repperiuntur
550 3314 665 3378 votive
689 3333 729 3377 ao
752 3312 999 3398 potentialiter,
1029 3333 1090 3397 pro
1114 3316 1207 3378 certo
1231 3333 1304 3377 cen-

189 3406 290 3480 setur,
315 3406 357 3466 ut
378 3404 416 3464 in
440 3423 557 3468 earum
579 3403 654 3466 iure
677 3401 900 3466 inrevocabili
923 3403 1024 3466 modo
1048 3402 1164 3485 legum
1185 3401 1305 3467 eterni-

188 3494 260 3556 tate
284 3493 474 3555 firmentur.

603 3608 642 3664 11.
673 3607 886 3677 marauna.

209 3720 269 3785 De
298 3721 635 3785 conservatione
664 3724 705 3784 et
733 3721 1120 3803 redintegratione
1149 3721 1282 3785 eoele-

603 3811 786 3872 siastioe
816 3809 889 3872 rei.

294 3914 579 3979 Consultissima1
606 3916 705 3998 regni
731 3915 841 3979 nostri
865 3916 1033 3980 credimus
1057 3916 1235 3999 provenire
1258 3936 1305 3979 re·

187 4005 310 4080 media,
343 4005 425 4067 dum
452 4025 514 4089 pro
543 4004 781 4069 hutilitatibus
812 4004 1033 4068 ecelesiarum
1063 4025 1128 4088 que
1157 4005 1305 4068 debeant

294 4158 359 4201 LIB.
368 4159 395 4200 V.
422 4159 478 4200 TIT.
493 4159 511 4200 1.
552 4159 644 4207 amasi
658 4159 704 4200 ΕΙ.

294 4213 311 4254 Ι,
352 4214 374 4260 a)
388 4212 512 4260 ooplsiosus
526 4213 578 4263 1213
596 4212 691 4260 copiosis
706 4213 726 4250 R
735 4213 754 4254 2.
808 4211 831 4260 b)
846 4211 978 4251 eorumllbet
993 4213 1039 4254 Rl.

294 4266 324 4307 II.
364 4268 387 4313 a)
401 4266 457 4304 aaa
471 4266 520 4307 122.

188 4371 215 4436 1)
231 4369 305 4424 aaa
318 4372 360 4424 lca
372 4374 513 4439 antaeum
524 4373 596 4423 iuris
607 4372 729 4423 canabi
743 4377 912 4438 prwccptam
924 4373 1049 4438 recepisse
1060 4371 1179 4433 ariam,-
1196 4389 1218 4422 c.
1230 4371 1305 4422 Coae.

187 4442 270 4496 Ilord.
289 4459 310 4496 o.
325 4444 374 4506 la·
396 4443 470 4495 Cone.
489 4443 583 4496 Valla.
602 4457 622 4496 o.
642 4444 675 4505 2,·
699 4443 732 4506 of.
752 4444 832 4494 etiam
851 4442 925 4496 Corsa
943 4443 1023 4496 Tolet.
1041 4443 1093 4507 IX,
1114 4459 1133 4496 o.
1148 4445 1224 4497 7-9.
1264 4442 1304 4506 Cf.

186 4513 220 4566 F.
240 4513 332 4579 Data,
354 4512 477 4579 ‘Kdaipe’
494 4512 558 4580 Vll,
575 4531 604 4580 p.
617 4515 678 4568 381.
