3220 5212
366 544 444 600 nux
462 543 578 603 vrsrs.
596 545 865 602 naconssvmn.
902 545 941 616 11,
955 548 1037 616 1,17.
1226 549 1261 602 49

134 727 206 792 His
235 731 360 806 autem,
393 729 453 812 qui
479 729 648 812 pulsatur,
680 730 709 794 si
732 731 777 793 ad
800 731 1036 814 accipiendam
1060 728 1261 793 admonitio·

134 837 219 881 nem
242 817 366 881 iudicis
389 811 443 881 sei
475 819 600 882 dixerit
622 818 823 882 nullatenus
847 818 1010 882 dilatasse
1032 818 1089 883 vel
1113 820 1261 882 contem·

135 907 223 970 sisse
253 915 289 969 et
318 907 384 970 hoc
415 906 512 970 nullo
542 908 695 990 potuerit
724 910 814 971 teste
843 907 1009 984 convinci,
1041 908 1123 970 dum
1154 927 1261 970 sacra·

134 997 296 1058 mentum
329 995 533 1071 reddiderit,
569 997 662 1079 quod
696 1015 757 1079 per
790 997 925 1059 nullam
958 996 1171 1060 occasionem
1205 995 1262 1059 vel

135 1086 354 1147 contemtum
381 1085 447 1148 hoo
474 1085 607 1161 lecerit,
640 1105 660 1148 a
690 1085 824 1148 damnis
850 1078 933 1149 relk
963 1079 1132 1168 flagellisk
1165 1104 1261 1167 supe·

134 1173 211 1234 rius
240 1173 483 1256 conprehensis
513 1173 683 1238 habeatur
710 1174 891 1237 indemnis.
938 1171 1039 1251 Quod
1063 1173 1092 1235 si
1114 1172 1262 1254 quilibet

135 1261 320 1344 episcopus
333 1262 603 1326 admonitionem
614 1262 748 1338 iudicis,
761 1262 873 1326 fretus
885 1255 1032 1326 honorel
1045 1261 1259 1338 sacerdotali,

136 1350 363 1414 contemserit
392 1352 429 1414 et
457 1371 519 1433 pro
549 1371 611 1414 sua
640 1371 786 1435 persona
816 1351 1027 1415 adsertorem
1051 1350 1132 1413 dare
1157 1350 1261 1414 distu-

135 1438 234 1515 lerit,
272 1438 455 1503 confestim
486 1460 506 1502 a
534 1440 649 1504 iudice
682 1439 816 1522 negotii
850 1457 910 1502 seu
940 1459 961 1502 a
990 1439 1165 1522 provincie
1201 1457 1261 1502 sue

137 1528 259 1591 ducem
285 1527 342 1592 vel
372 1527 497 1592 comite
528 1527 713 1611 conpulsus
744 1539 769 1592 L
796 1528 984 1591 solidorum
1014 1528 1179 1591 damnum
1209 1547 1262 1591 ex·

137 1615 256 1698 cipiat,
289 1636 330 1679 ex
358 1636 426 1698 qua
453 1622 611 1679 summan
638 1617 785 1700 pecunie
813 1621 889 1682 XX⁰
918 1616 1020 1680 solidi
1048 1615 1156 1680 iudici
1186 1636 1261 1679 con·

136 1706 249 1768 temto
272 1705 463 1787 proficiant,
488 1715 573 1770 XXX
587 1725 667 1769 vero
684 1705 878 1769 sacerdotip
906 1705 1013 1789 ipsius
1036 1705 1165 1788 petitor
1186 1725 1261 1768 con·

138 1796 313 1875 sequatur.
361 1792 398 1856 Si
427 1797 520 1858 certe
550 1794 729 1878 presbiter,
761 1794 926 1858 diaconus
947 1792 1004 1858 vel
1032 1793 1261 1857 subdiaconus

138 1883 251 1963 adque
276 1881 419 1945 clericus
441 1882 499 1946 vel
521 1903 684 1946 monacus
708 1883 774 1946 ads
793 1883 1029 1965 accipiendam
1051 1881 1175 1946 iudicis
1195 1882 1261 1965 epi-

138 1969 268 2032 stulam
282 1970 339 2034 vel
359 1971 512 2053 sigillum
529 1991 564 2034 se
580 1970 823 2035 dilataverintr
850 1974 912 2034 aut
934 1991 996 2054 pro
1017 1971 1070 2034 sui
1092 1975 1256 2053 personas

139 2059 182 2121 ad
214 2059 493 2142 respondendum
528 2060 668 2124 minime
699 2059 887 2124 direxerint
921 2062 1176 2143 prosecutorem
1205 2058 1262 2122 vel

139 2148 391 2211 contumaciter
425 2148 557 2212 fuerint
591 2151 835 2224 contemtores,
874 2148 1108 2231 unusquisque
1143 2167 1261 2212 eorum

139 2236 239 2298 iuxta
262 2235 348 2318 legis
371 2237 475 2300 huius
498 2238 715 2315 sententiam,
740 2257 806 2319 que
830 2238 867 2299 in
890 2237 986 2300 laicis
1010 2236 1165 2319 superius
1189 2236 1262 2299 lata

141 2327 203 2401 est,
228 2324 361 2388 indicta
384 2325 510 2389 damna
533 2326 713 2408 suscipiat3
746 2321 800 2389 ett
829 2325 859 2388 si
881 2345 951 2388 non
974 2325 1144 2401 habuerit,
1168 2325 1261 2389 unde

141 2416 325 2496 conponat,
349 2414 423 2476 eius
439 2414 618 2498 episcopus
634 2417 824 2490 moueatur,
849 2416 890 2476 ut
912 2434 975 2497 pro
994 2433 1034 2478 eo
1051 2413 1260 2490 satisfacere,

141 2502 171 2564 si
192 2501 352 2579 voluerit,
377 2502 555 2566 licentiam
577 2502 716 2567 habeat.
753 2502 813 2566 Sin
837 2506 953 2566 autem
968 2502 1128 2579 noluerit,
1154 2523 1261 2566 sacra-

141 2591 267 2654 mentis
291 2611 405 2654 coram
427 2592 542 2656 iudice
566 2611 601 2655 se
623 2591 759 2655 noverit
774 2590 1008 2674 obligandum,
1032 2591 1124 2672 quod
1147 2610 1261 2673 supra·

142 2679 244 2742 dictis
268 2679 421 2762 personis
445 2680 696 2744 districtionem
718 2678 826 2744 talem
850 2678 998 2756 adibeat,
1028 2681 1069 2740 ut
1094 2699 1155 2761 per
1177 2689 1262 2744 XXX

142 2769 275 2830 dierum
299 2769 432 2852 spatiou
451 2769 589 2832 ieiuniis
605 2769 778 2833 continuis
799 2767 1017 2851 adfligentur,
1042 2767 1261 2849 sufficiatque

141 2856 211 2919 illis
242 2857 332 2920 circa
362 2856 443 2921 solis
473 2859 658 2921 hoccasum
694 2876 755 2942 per
785 2857 858 2921 dies
893 2855 1046 2939 singulos
1080 2855 1178 2939 panis
1205 2855 1261 2919 vel

142 2965 228 3028 aque
250 2945 477 3010 reiectionem
501 2946 664 3029 accipere,
689 2965 755 3029 que
779 2945 991 3009 contumacis
1005 2945 1134 3008 vitamV
1160 2944 1261 3007 ratio·

141 3033 250 3096 nabili
273 3035 382 3117 possit
405 3035 620 3099 districtione
644 3035 823 3117 corrigere.
871 3033 940 3097 Illa
970 3033 1108 3096 omnino
1140 3033 1261 3096 discre-

139 3122 234 3186 tione
260 3127 405 3199 servata,
436 3126 486 3199 ut,
519 3124 547 3187 si
571 3127 632 3186 aut
655 3123 758 3187 etatis
782 3126 843 3185 aut
867 3121 1071 3205 egritudinis
1094 3121 1262 3184 instantia

141 3211 331 3293 patueritw,
363 3217 450 3294 que¹
482 3212 571 3275 hanc
603 3211 821 3295 disciplinam
849 3211 1017 3275 sustinere
1040 3231 1110 3273 non
1133 3214 1258 3293 possey

141 3300 362 3377 demonstret,
393 3303 467 3364 tam
496 3301 533 3363 in
564 3300 696 3364 clericis
727 3301 971 3382 cuiuscumque
1000 3299 1128 3362 ordinis
1158 3318 1262 3381 quam

140 3387 179 3448 in
198 3387 304 3466 laicis,
328 3392 495 3452 nontam
519 3389 700 3453 durissime
724 3389 931 3454 sententiam
955 3387 1190 3470 castigationis
1213 3387 1261 3449 in·

142 3477 270 3541 stantia
294 3477 466 3561 compleat
488 3477 622 3554 iudicis,
652 3479 712 3542 sed
735 3477 875 3541 habita²
902 3476 1175 3540 consideratione
1198 3497 1260 3560 pro

142 3565 336 3647 egritudine
366 3566 422 3630 vel
452 3570 559 3644 etate,
595 3567 646 3630 ita
677 3568 888 3630 contemtore
920 3565 1083 3647 corrigat,
1114 3585 1157 3628 nc
1187 3564 1261 3648 ipse

142 3657 333 3718 contemtor
363 3659 425 3718 aut
455 3654 632 3738 langorem
667 3654 854 3718 maximum
889 3657 949 3716 aut
985 3653 1262 3717 debilitationem

140 3741 197 3804 rel
219 3747 364 3808 mortem
387 3744 552 3807 incurrat.
599 3742 666 3808 Ille
685 3763 776 3820 vere,
802 3741 861 3824 qui
884 3742 928 3805 ad
951 3741 1151 3825 inplendam
1175 3761 1261 3804 com-

142 3831 366 3896 monitionem
388 3832 512 3896 iudicis
537 3834 729 3896 contemtor
752 3830 907 3895 extiterit
930 3849 1033 3912 seque
1063 3831 1114 3893 ita
1141 3829 1280 3893 dilata-¹

140 3920 238 3996 verit,
268 3924 309 3983 ut
337 3941 418 3985 eum
444 3922 548 3984 iudex
570 3924 643 3984 tam
666 3920 770 3984 facile
793 3919 967 4003 repperire
990 3939 1059 3982 non
1083 3918 1200 4001 possit,
1226 3920 1261 3982 et

143 4007 174 4070 si
195 4012 270 4090 post
292 4012 430 4092 tempus
445 4009 616 4073 indictum
637 4009 674 4071 in
690 4008 811 4072 diebus
827 4010 992 4089 quattuor
1007 4027 1077 4070 non
1093 4009 1259 4082 occurrat,

144 4095 175 4158 si
196 4098 313 4178 quinto
338 4097 394 4161 die
417 4098 560 4174 venerit,
592 4117 728 4162 omnem
757 4097 861 4159 huius
884 4095 970 4178 legis
995 4095 1201 4159 sententiam
1225 4114 1261 4157 se

246 4323 263 4374 i)
276 4333 327 4362 scae
341 4324 362 4362 R
371 4324 390 4366 2.
458 4319 483 4376 k)
498 4334 535 4363 eos
546 4333 590 4372 pro
604 4323 642 4362 vel
656 4321 750 4370 flagellis
765 4321 785 4359 R
795 4323 813 4364 1.
882 4321 898 4369 l)
912 4321 1020 4360 honorem
1034 4318 1197 4360 sacerdotalem
1211 4319 1232 4357 R
1242 4320 1261 4360 1.

143 4375 177 4421 m)
191 4371 264 4415 ducem
277 4379 298 4416 R
308 4378 326 4419 1.
393 4377 417 4425 n)
431 4387 517 4416 sumam
531 4377 551 4416 R
562 4378 580 4418 1.
642 4374 664 4426 ο)
677 4375 737 4414 XXX
751 4374 771 4412 R
781 4377 801 4422 1,
824 4384 881 4417 corr.
894 4375 935 4415 XX
949 4374 997 4416 122.
1061 4376 1084 4422 p)
1098 4374 1131 4411 ita
1144 4374 1164 4411 R
1174 4375 1192 4414 1.
1206 4372 1228 4409 Ε
1237 4374 1261 4420 1,·

143 4425 263 4469 sacerdotis
277 4431 298 4468 R
307 4430 327 4472 2.
389 4432 412 4478 q)
426 4427 526 4469 addecet
541 4431 561 4468 R
571 4432 589 4472 1.
651 4430 670 4476 r)
685 4426 816 4467 dilataverit
829 4428 850 4466 B
860 4429 878 4471 1.
937 4430 957 4476 s)
970 4437 1089 4476 personam
1103 4427 1124 4464 R
1133 4429 1152 4469 1.
1206 4427 1223 4471 t)
1239 4429 1262 4464 et

143 4481 201 4518 deest
213 4482 232 4520 R
241 4485 258 4524 1.
306 4485 330 4531 u)
344 4483 446 4532 spacium
460 4483 481 4522 R
490 4483 509 4525 2.
556 4484 580 4530 v)
594 4482 642 4522 vita
656 4481 798 4521 rationabilis
812 4481 832 4520 R
842 4482 861 4524 1.
908 4482 938 4530 w)
952 4481 1069 4529 patuerint
1082 4480 1103 4518 R
1113 4481 1131 4521 1.
1178 4479 1202 4525 x)
1216 4487 1261 4524 quc

144 4531 260 4582 disciplina
274 4547 326 4587 non,
344 4547 386 4580 cm.
401 4536 521 4586 enatuere,
536 4537 556 4574 R
565 4536 585 4579 2.
639 4537 663 4587 y)
676 4535 747 4584 possit
761 4535 781 4572 R
790 4535 810 4577 1.
863 4536 884 4583 a)
898 4531 985 4574 adibita
998 4533 1047 4575 122.

222 4623 264 4668 LL.
273 4625 343 4675 Visig.
357 4629 406 4669 ant.
1029 4623 1048 4674 4
