3264 5206
408 567 486 622 LEX
504 568 619 626 VISIG.
638 569 906 627 Rnccnsswsn.
944 572 980 639 V,
1000 576 1024 641 7,
1043 576 1139 629 9-12.
1282 577 1333 630 171

216 755 277 815 aut
308 751 561 819 criminatorem
596 771 668 816 esse
699 753 909 830 constiterit;
945 775 1007 838 pro
1041 754 1166 838 quibus
1200 756 1334 819 iniuriis

217 841 299 904 data
322 839 465 904 libertas
487 841 616 924 poterit
638 841 790 904 revocari
800 840 822 902 ¹.
869 841 906 906 Si
925 863 1006 907 vero
1029 844 1111 928 ipse,
1136 845 1196 926 qui
1219 866 1335 907 manu-

163 961 188 998 υ.
216 929 319 1005 misit,
340 929 443 1006 dicat,
461 929 554 1011 quod
570 928 633 992 sub
650 928 718 992 alio
733 929 863 1013 placito
880 951 959 995 eum
974 931 1199 1009 libertaverit,
1217 936 1333 1008 testes,

216 1018 275 1100 qui
310 1020 485 1100 presentes
519 1017 665 1095 fuerint,
702 1021 783 1083 ante
817 1013 991 1084 iudicemb
1024 1021 1138 1104 ipsum
1168 1021 1335 1106 placitum

216 1107 330 1170 dicere
363 1127 434 1170 non
468 1109 671 1188 graventur3
712 1109 748 1170 et
785 1109 1004 1191 postmodum
1042 1110 1134 1192 quod
1168 1110 1335 1194 placitum

215 1195 332 1258 fuerat
355 1197 446 1258 stare
469 1194 637 1258 iubemus.

633 1347 670 1403 x.
701 1347 914 1418 ANTIQUAa

267 1458 310 1523 Si
339 1459 532 1525 libertus
561 1460 770 1526 iniuriam
799 1461 940 1526 iaciat
970 1463 1286 1527 manumissori.

324 1565 361 1630 Si
390 1565 536 1630 libertus
567 1568 807 1632 manumissori
830 1589 891 1633 suo
914 1569 1099 1634 iniuriosus
1126 1569 1243 1647 fuerit,
1275 1573 1336 1634 aut

217 1655 247 1718 si
276 1658 461 1738 patronum
491 1675 608 1739 pugno
639 1659 700 1720 aut
730 1656 886 1738 quolibet
917 1658 1017 1722 hictu
1045 1659 1252 1742 percusserit
1281 1659 1337 1722 vel

217 1764 296 1808 eum
325 1743 424 1807 falsis
454 1744 731 1809 accusationibus
763 1745 954 1829 inpetierit,
990 1747 1082 1811 unde
1117 1747 1183 1831 ipsi
1212 1747 1336 1831 capitis

217 1831 409 1917 periculum
432 1835 647 1917 conparetur,
679 1832 863 1898 addicendi
886 1856 965 1899 eum
988 1837 1033 1900 ad
1056 1837 1257 1900 servitutem
1279 1837 1336 1900 ha·

218 1922 298 1985 beat
328 1924 553 2005 potestatem,
589 1922 640 1985 ita
673 1926 805 2000 tamen,
841 1927 881 1987 ut
912 1927 997 2008 aput
1031 1924 1181 1989 iudicem
1215 1924 1337 2008 probet

218 2029 337 2074 causas
361 2011 517 2094 superius
541 2013 803 2095 conprehensas.

626 2182 678 2239 xi.
709 2181 922 2252 incrassa.

216 2294 276 2358 Ne
301 2296 455 2358 contra
478 2297 709 2378 patronum
728 2293 798 2359 vel
821 2294 948 2359 filios
971 2297 1064 2360 eius
1087 2295 1337 2361 testificari

529 2384 690 2448 audeat
717 2385 1015 2449 manumissus.

324 2488 437 2553 Filio²
467 2488 523 2553 vel
558 2489 678 2554 heredi
712 2490 912 2554 manumissi
946 2491 1144 2555 libertatem
1178 2511 1337 2556 revocare

217 2599 287 2642 non
310 2577 424 2654 liceat,
450 2578 510 2641 sed
532 2578 655 2662 prioris
679 2579 732 2642 sui
754 2579 810 2643 vel
833 2583 1016 2663 parentum
1031 2579 1165 2644 factum
1189 2581 1261 2643 sine
1285 2600 1336 2644 ex·

219 2667 395 2731 cusatione
419 2666 608 2744 custodiat;
633 2668 684 2730 ita
698 2670 826 2745 tamen,
850 2670 891 2730 ut
913 2689 977 2733 nec
1001 2670 1123 2732 contra
1142 2667 1230 2731 filios
1254 2668 1337 2731 filio-

217 2776 294 2818 rum
309 2754 455 2819 libertus
470 2754 526 2819 vel
542 2755 652 2819 omnis
675 2756 858 2840 posteritas
882 2757 954 2820 eius
970 2757 1208 2820 testimonium
1223 2757 1336 2820 dicere

218 2844 455 2928 permittatur;
485 2846 521 2907 et
544 2845 573 2907 si
596 2844 755 2922 dixerint,
783 2865 853 2908 non
877 2846 1063 2909 credantur
1086 2865 1107 2909 a
1128 2845 1252 2922 iudice,
1277 2846 1337 2908 sed

218 2933 362 3008 redeant
392 2932 436 2995 ad
466 2932 647 3016 pristinam
678 2934 888 2998 servitutem.
935 2932 988 2999 De
1019 2932 1095 2996 aliis
1124 2953 1205 2997 vero
1234 2933 1337 2997 rebus

219 3025 280 3085 aut
315 3021 425 3084 causis
460 3023 581 3085 contra
613 3022 752 3105 patroni
783 3021 872 3086 filios
903 3020 959 3087 vel
992 3025 1135 3106 nepotes
1169 3015 1332 3085 tantumb

219 3131 279 3193 pro
303 3129 365 3173 suo
388 3110 463 3173 iure
486 3110 577 3174 iuste
601 3111 823 3174 contendant.

617 3279 684 3337 XII.
716 3280 928 3350 ANTIQUAa.

453 3392 513 3457 Ne
543 3393 803 3458 testificent
833 3395 1096 3458 manumissi.

324 3498 486 3564 Libertus
508 3499 564 3564 vel
588 3499 714 3564 liberta
736 3500 773 3562 in
794 3499 901 3564 nullis
924 3501 1072 3583 negotiis
1089 3503 1211 3564 eontra
1224 3520 1337 3582 quem·

219 3608 322 3670 quam
350 3588 589 3652 testimonium
619 3589 732 3654 dicere
763 3590 1003 3666 admittantur,
1040 3592 1182 3673 excepto
1212 3589 1249 3651 in
1279 3588 1337 3652 ali-

219 3676 344 3760 quibus
373 3677 499 3754 causis,
534 3677 597 3742 ubi
630 3678 827 3760 ingenuitas
863 3679 979 3743 deesse
1011 3678 1212 3755 dinoscitur,
1248 3677 1338 3740 sicut

218 3765 422 3848 permissum
444 3769 498 3829 est
521 3768 557 3830 et
581 3767 623 3830 de
644 3766 786 3844 servis33
811 3767 892 3850 quia
914 3767 1097 3850 indignum
1119 3768 1238 3830 nostra
1260 3785 1338 3849 pen·

219 3857 272 3917 sat
296 3854 490 3932 clementia,
518 3857 559 3917 ut
582 3854 784 3919 libertorum
808 3855 1006 3920 testimonio
1029 3855 1189 3938 ingenuis
1213 3855 1339 3918 damna

325 4027 349 4075 b)
363 4023 438 4067 iudice
452 4027 499 4069 121.

325 4081 352 4122 X.
393 4082 415 4128 a)
429 4081 485 4119 deest
499 4081 548 4122 Ra.

326 4133 365 4174 xl.
404 4134 560 4181 aeman.
614 4134 757 4184 naman

326 4186 377 4228 XII.
417 4189 439 4235 a)
453 4187 510 4226 deest
523 4187 573 4230 Bt.

221 4327 246 4395 1)
262 4328 291 4381 V.
312 4329 392 4394 apem
410 4335 569 4394 sequentem·
587 4331 621 4394 cf.
634 4329 666 4382 L.
680 4329 756 4382 Rom.
771 4329 825 4382 Vis.
840 4329 868 4383 0.
885 4329 934 4384 Tb.
952 4329 1002 4394 IV,
1017 4330 1060 4394 10,
1076 4332 1106 4392 1,·
1126 4328 1200 4381 Coae.
1218 4327 1274 4382 Tol.
1287 4328 1304 4378 1
1308 4329 1337 4382 V.

220 4414 239 4450 c.
253 4400 296 4453 68.
368 4398 396 4465 2)
414 4399 455 4464 Cf.
473 4400 506 4454 L.
526 4400 601 4454 Rern.
619 4400 673 4454 Vis.
694 4400 721 4454 0.
739 4400 788 4455 Tb.
808 4400 858 4466 IV,
872 4402 916 4466 10,
935 4402 961 4466 2,
982 4399 1114 4466 lnarprs
1132 4397 1259 4451 Libertos
1279 4439 1285 4452 .
1306 4439 1337 4453 ..

221 4471 249 4521 et
266 4471 362 4522 contra
379 4472 559 4536 patronorum
581 4469 696 4524 heredes
720 4469 869 4524 audiendos
893 4487 949 4523 non
973 4487 1039 4537 esse,
1062 4469 1183 4538 ingratos
1202 4469 1285 4522 etiam
1304 4469 1338 4521 ab

220 4538 365 4594 heredibus
384 4540 414 4592 in
431 4541 590 4595 servitutem
608 4541 739 4597 revocari.
812 4543 839 4610 3)
857 4542 898 4607 Cf.
918 4558 1003 4609 supra
1021 4541 1075 4608 III,
1095 4543 1178 4608 4,13,
1199 4558 1227 4608 p.
1242 4541 1302 4594 108.
