3198 5202
359 506 436 561 LEX
455 504 570 562 VISIG.
589 505 859 566 REOOESSVIND.
895 505 977 574 VIII,
997 511 1022 576 3,
1041 511 1119 564 5-7.
1244 512 1296 564 237

177 690 294 754 vineas
318 690 456 753 domino
481 690 553 754 eius
569 690 668 754 vinee
691 690 878 754 reformare
902 693 1055 773 cogatur,
1081 694 1117 754 et
1140 694 1297 774 preterea

177 779 337 842 dominus
358 780 457 843 vinee
480 779 575 841 illius
599 780 733 842 deserte
756 780 846 843 hanc
870 779 914 842 ad
937 780 990 842 ius
1014 799 1114 842 suum
1136 800 1296 844 revocare

176 888 247 930 non
277 867 425 932 dubitet.
472 867 611 931 sivero
639 887 701 950 per
727 866 928 931 violentiam
958 868 1075 951 fruges
1106 868 1294 950 collegerit,

177 960 213 1020 et
235 956 374 1039 fruges⁰
401 956 438 1019 in
467 955 573 1039 duplo
603 956 766 1020 restituat
795 959 830 1020 et
859 957 1027 1039 quidquid
1057 956 1219 1020 everterit
1248 977 1296 1021 re·

178 1045 374 1130 dintegrare
405 1047 582 1127 procuret3
616 1044 667 1107 ita
693 1046 820 1120 tamen,
849 1047 890 1107 ut
917 1066 996 1108 cum
1019 1040 1293 1109 sacramentum‘1

177 1132 416 1216 colligentium
455 1152 516 1216 per
550 1135 688 1216 tempus
721 1133 971 1196 vindemiarum
1011 1133 1151 1216 duplam
1189 1134 1296 1217 ipsius

176 1222 288 1305 frugis
304 1222 595 1305 conpositioneme
615 1221 787 1285 restituat.
824 1221 921 1285 Servi
937 1242 1016 1285 vero
1032 1215 1126 1286 sinef
1147 1222 1296 1285 domino·

176 1332 253 1372 rum
287 1311 383 1373 iussu
413 1309 502 1372 talia
534 1310 701 1374 faelenter
736 1330 797 1433 per
832 1309 984 1393 ringulae
1016 1311 1103 1374 vites
1139 1311 1293 1374 decenag

177 1399 316 1482 flagella
336 1399 469 1463 extensi
490 1398 683 1483 percipiant
700 1401 736 1462 et
779 1398 898 1482 iruges
914 1399 1053 1462 omnino
1069 1393 1256 1462 restituant
1265 1392 1294 1474 ¹¹,

178 1481 255 1550 auti
287 1487 316 1550 si
345 1487 504 1550 dominus
535 1506 726 1571 conponere
749 1486 907 1563 voluerit,
939 1507 1000 1571 per
1029 1507 1087 1551 sex
1109 1488 1197 1552 vibes
1221 1487 1295 1550 soli-

178 1577 260 1639 dum
284 1569 433 1640 solvask.
481 1573 582 1652 Quod
605 1576 634 1638 si
657 1575 766 1638 maius
795 1575 958 1638 damnum
982 1576 1127 1640 creverit
1157 1579 1193 1639 et
1221 1596 1295 1640 oon·

177 1685 303 1748 ponere
328 1665 486 1727 dominns
509 1664 670 1740 noluerit,
696 1684 830 1729 servum
852 1664 990 1728 tradere
1014 1659 1227 1728 festinavit¹.

585 1815 637 1873 vr.
667 1815 880 1886 mersura.

312 1912 354 1976 si
385 1913 500 1996 sepis
531 1911 757 1976 incidatur
786 1911 854 1976 vel
884 1912 1159 1975 incendatur.

285 2018 343 2082 Sil
372 2019 448 2101 quis
478 2039 539 2102 per
569 2017 709 2100 aliquod
739 2017 890 2102 spatium
925 2038 1021 2101 sepes
1050 2019 1211 2082 inciderit
1240 2019 1295 2083 vel

176 2108 370 2171 incenderit
393 2107 532 2184 alienas,
564 2107 594 2170 si
616 2105 754 2169 maioris
777 2106 845 2170 loci
868 2126 1013 2189 persona
1036 2110 1097 2183 est,
1122 2110 1158 2170 et
1181 2127 1294 2191 sepem

177 2199 315 2279 reparet
338 2199 374 2260 et
397 2217 459 2279 pro
483 2195 608 2258 damno
631 2195 833 2258 satisfaciat.
881 2194 918 2259 Si
940 2195 1023 2278 quid
1045 2199 1164 2259 tamen
1180 2196 1296 2258 damni

178 2284 316 2348 domino
347 2285 390 2348 de
419 2284 592 2348 fructibus
620 2283 784 2347 accidisse
811 2283 1039 2366 cognoscitur,
1069 2286 1104 2348 et
1132 2284 1295 2347 damnum

178 2374 298 2449 solvat,
323 2373 412 2437 sicut
434 2373 603 2456 inspectio
626 2372 789 2436 habuerit
811 2372 1056 2448 estimantium,
1081 2376 1117 2436 et
1139 2374 1297 2455 preterea

177 2474 205 2527 X
225 2461 351 2525 solidos
371 2461 504 2526 reddat.
544 2460 613 2525 Sed
636 2463 672 2524 et
695 2460 737 2524 de
760 2480 801 2524 eo
825 2481 955 2544 campo,
980 2461 1039 2542 qui
1062 2455 1215 2524 fructosb
1238 2461 1295 2524 ha·

177 2551 258 2615 beat
280 2550 336 2614 vel
359 2543 521 2626 habuisb,
546 2553 582 2613 et
605 2549 648 2613 de
671 2551 771 2633 prato
795 2549 865 2614 sive
890 2549 932 2612 de
948 2548 1109 2613 concluso
1124 2558 1153 2613 V
1168 2549 1294 2612 solidos

178 2638 395 2722 conpellatur
422 2638 593 2714 exolvere;
626 2639 668 2702 de
697 2658 737 2703 eo
759 2657 841 2702 vero
865 2658 995 2721 campo,
1021 2638 1058 2700 in
1086 2658 1153 2721 quo
1180 2637 1289 2700 nulli⁰

176 2728 311 2792 fructus
334 2727 472 2810 sepibus
496 2726 756 2803 claudebantur,
787 2746 902 2809 sepem
931 2726 1172 2790 tantummodo
1201 2746 1294 2810 repa-

176 2835 253 2880 rare
277 2819 430 2899 cogatur.
466 2815 504 2879 Si
525 2835 605 2878 vero
625 2815 691 2878 hoc
707 2834 852 2898 persona
867 2815 1011 2879 inferior
1026 2815 1159 2890 fecerit,
1184 2814 1295 2878 solvat

177 2905 340 2968 damnum
375 2904 418 2968 de
452 2903 620 2968 estimatis
654 2903 827 2967 fructibus
858 2923 901 2967 ac
935 2923 1051 2986 sepem
1088 2905 1225 2986 reparet
1260 2905 1295 2966 et

176 3004 200 3057 L
230 2992 370 3076 flagella
402 2991 540 3076 publice
575 2992 750 3076 suscipiat.
804 2990 905 3069 Quod
935 2990 964 3054 si
993 3010 1110 3054 servus
1144 2992 1210 3055 hoc
1239 3012 1294 3055 ne·

177 3082 306 3146 sciente
330 3081 468 3144 domino
500 3079 632 3157 fecerit,
662 3082 698 3144 et
725 3081 888 3143 damnum
912 3079 1023 3143 solvat
1050 3083 1086 3144 et
1109 3099 1223 3163 sepem
1246 3099 1294 3143 re·

177 3171 275 3253 paret
310 3173 346 3233 et
380 3179 402 3233 0
431 3168 570 3251 flagella
609 3169 783 3252 suscipiat.
842 3167 942 3246 Quod
977 3169 1006 3231 si
1042 3188 1124 3232 casu
1162 3169 1294 3232 factum

176 3259 293 3335 inerit,
318 3277 434 3342 sepem
449 3257 690 3321 tantummodo
708 3259 855 3340 reparet,
879 3277 945 3340 que
969 3256 1099 3320 conlisa
1121 3259 1189 3333 est;
1215 3257 1295 3339 quia

177 3347 306 3411 crimen
332 3346 442 3411 videri
471 3366 541 3409 non
571 3347 699 3430 potest,
730 3347 823 3428 quod
851 3365 922 3408 non
952 3348 1004 3409 est
1034 3364 1076 3408 ex
1104 3344 1294 3408 volumtate

177 3435 393 3499 conmissum.

578 3514 646 3572 vn.
675 3514 888 3585 muroena.

360 3629 403 3693 si
433 3629 525 3713 pali
555 3629 604 3694 de
635 3629 813 3712 sepibus
842 3628 1110 3692 incidantur.

285 3735 374 3814 Qui²
397 3736 440 3801 de
464 3735 602 3819 sepibus
625 3734 722 3819 palos
744 3733 907 3798 inciderit
930 3733 984 3798 vel
1007 3733 1200 3798 incenderit
1217 3734 1295 3797 alie-

176 3844 248 3901 nos,
277 3845 356 3888 cum
387 3844 527 3908 campus
556 3823 617 3888 ille
646 3816 805 3887 fructosb
832 3823 943 3886 ullos⁰
971 3843 1011 3887 ec
1040 3825 1196 3906 tempore
1225 3843 1295 3886 non

284 3980 305 4027 c)
319 3978 406 4028 frugem
419 3978 468 4020 132.
510 3976 533 4026 d)
546 3980 579 4017 ua
593 3979 645 4028 1215
660 3981 800 4017 sacramento
814 3977 943 4026 colligentis
956 3977 1005 4019 Rs.
1049 3979 1070 4025 e)
1084 3977 1295 4025 conpositionem.

176 4031 351 4078 osisineBl.
405 4027 1140 4083 g)s'tassl;decemE23centensB13ducentorum.
1195 4029 1296 4081 h)et-

176 4085 299 4124 restituant
311 4085 354 4127 des.
368 4085 415 4127 121.
469 4084 525 4136 i)nt
538 4085 585 4127 Bl.
640 4084 664 4133 k)
677 4085 710 4122 ita
723 4085 770 4126 121.
783 4084 836 4135 1215
851 4081 933 4124 reddat
946 4083 995 4126 122.
1046 4084 1062 4131 1)
1076 4085 1109 4122 ita
1122 4083 1162 4122 Bl
1173 4094 1219 4131 pro
1234 4083 1296 4123 festi·

176 4137 247 4188 nubit,
261 4139 318 4187 quod
326 4139 418 4186 praebet
431 4138 480 4180 122.

283 4191 322 4233 VI.
356 4191 448 4242 emeca
461 4191 510 4233 Bt.
557 4191 581 4239 b)
595 4190 680 4230 imerus
694 4190 799 4230 ebetvel
812 4190 937 4232 ebuitm.
983 4190 1003 4237 c)
1017 4189 1092 4229 nullus
1106 4189 1192 4229 fructus
1207 4187 1296 4228 claude-

176 4243 244 4284 batur
257 4244 306 4286 Rs.

283 4297 334 4340 ἮΙ.
374 4299 396 4346 ι)
410 4298 467 4337 deest
480 4297 530 4339 122.
583 4297 606 4346 b)
620 4296 705 4336 fructus
720 4297 768 4339 ΒΞ.
823 4298 843 4344 c)
857 4296 903 4336 ullo
917 4296 965 4347 1213
979 4296 1052 4337 nullos
1067 4296 1116 4338 122.

178 4403 204 4470 1)
222 4403 289 4456 Cum
306 4403 357 4456 hac
374 4410 398 4456 ct
416 4404 534 4470 &quenti
552 4403 605 4469 lcqc
622 4403 656 4468 cf.
675 4402 708 4457 L.
727 4403 813 4468 Bury.
832 4404 956 4470 27‚1.2.
1029 4403 1056 4470 2)
1071 4403 1101 4458 V.
1120 4418 1205 4469 supra
1223 4417 1249 4453 a.
1265 4402 1296 4462 1,-

176 4475 210 4539 cf.
231 4475 366 4542 lis-unser,
388 4473 433 4528 ‘D.
446 4473 517 4528 Ro!
535 4474 559 4542 Ι,
577 4491 605 4542 p.
619 4474 679 4528 339.
