3218 5202
359 533 437 590 LEX
455 531 570 593 vlslc.
589 532 859 590 Raccassvnsn.
896 532 935 602 11,
953 537 980 602 4,
998 537 1077 592 5-7.
1248 538 1282 592 75

163 710 332 783 cendumf
351 717 572 793 conmittuut,
596 717 634 780 in
658 737 698 782 eo
720 720 839 782 tamen
861 717 1114 795 territoriumss,
1138 718 1199 782 ubi
1222 718 1282 784 ille

163 798 386 883 conmaneth,
417 807 477 888 qui
506 805 584 890 plus
615 827 656 870 ex
686 798 757 870 his¹
787 807 926 870 videtur
955 807 1113 883 idoneus,
1146 826 1282 890 congre·

162 899 290 979 gentur
313 898 349 960 et
371 898 453 960 ante
477 895 630 959 eiusdem
648 894 814 959 territorii
836 895 985 960 iudicem
1004 894 1060 959 vel
1083 915 1198 960 coram
1217 896 1281 973 his,

163 1003 247 1066 quos
269 984 375 1048 iudex
390 977 598 1066 helegeritk,
623 986 659 1048 et
681 984 884 1046 mandatum
907 983 1039 1048 faciant
1062 978 1212 1050 idoneis¹
1235 985 1282 1047 in·

163 1072 294 1155 gennis,
326 1071 450 1154 quibus
472 1065 679 1147 voluerint¹,
711 1074 747 1136 et
776 1072 899 1154 quod¹¹¹
928 1072 998 1136 illis
1029 1075 1082 1137 est
1104 1073 1283 1156 cognitum

163 1181 224 1245 per
240 1161 481 1225 condicionum
497 1160 619 1226 seriem
634 1161 747 1225 iurare
762 1164 961 1244 procurent;
982 1161 1140 1243 qualiter,
1157 1161 1282 1244 quibus

163 1249 374 1314 testificandi
397 1249 597 1313 vicissitudo
621 1249 847 1325 conmittitur,
879 1249 915 1312 id
942 1248 1191 1326 indubitanter,
1222 1249 1283 1314 ubi

164 1357 302 1402 necesse
330 1337 447 1413 fuerit,
479 1357 541 1401 suo
564 1341 778 1402 sacramento
802 1337 1016 1412 confirment,
1047 1340 1140 1421 quod
1169 1340 1283 1403 iurare

164 1427 383 1494 mandatores
414 1446 492 1490 suos
521 1425 707 1490 iustissime
730 1429 766 1490 et
789 1426 1044 1491 evidentissime
1074 1447 1135 1510 per
1164 1430 1284 1492 semet-

165 1515 254 1599 ipsos
279 1514 462 1578 audierint.
508 1514 621 1579 Aliter
644 1517 762 1579 autem
784 1515 988 1578 mandatum
1012 1516 1054 1580 de
1076 1515 1206 1580 talibus
1228 1535 1284 1580 ne·

165 1603 268 1687 gotiis
284 1604 436 1668 editumn
457 1607 541 1687 aput
557 1623 675 1668 omnes
691 1602 822 1668 iudices
846 1604 911 1668 erit
934 1621 1067 1688 semper
1082 1603 1283 1668 invalidum.

377 1773 429 1829 VI.
462 1772 631 1830 FLAVIUS
651 1773 965 1829 OHINDASVINDUS
983 1773 1071 1830 REX.

226 1887 286 1951 De
316 1887 400 1963 his,
431 1887 503 1969 qui
533 1886 694 1952 falsum
724 1887 1028 1951 testimonium
1059 1887 1224 1951 dicunt.

272 1991 309 2056 Si
338 1993 414 2075 quis
444 1995 566 2057 contra
596 1993 703 2057 alium
732 1993 861 2057 falsum
891 1993 1129 2057 testimonium
1160 1994 1284 2058 dixerit

166 2082 261 2147 etin
283 2081 462 2146 mendacio
485 2082 670 2157 invenitur,
695 2086 757 2146 aut
780 2085 872 2146 certe
896 2082 925 2144 si
948 2081 1021 2165 ipse
1046 2082 1179 2159 dixerit,
1204 2083 1285 2165 quia

165 2171 293 2235 falsum
320 2170 559 2234 testimonium
589 2171 701 2234 dedit:
733 2171 762 2234 si
789 2171 927 2234 maioris
957 2170 1025 2234 loci
1052 2190 1198 2254 persona
1221 2174 1283 2249 est,

165 2260 223 2324 det
253 2259 307 2322 illi
337 2260 380 2324 de
396 2260 548 2343 ‘propria
574 2258 744 2324 facultate
772 2279 843 2335 sua,
876 2262 996 2323 contra
1026 2279 1128 2342 quem
1156 2259 1286 2324 falsum

164 2347 401 2412 testimonium
424 2348 567 2426 dixerat,
598 2351 747 2424 tautum,
772 2352 942 2430 quantum
965 2367 1026 2431 per
1048 2349 1285 2412 testimonium

166 2437 237 2501 eius
261 2437 405 2522 perdere
429 2436 559 2514 debuit,
585 2440 620 2501 et
643 2441 701 2500 sea
720 2437 906 2501 testificare
930 2436 1024 2500 ultra
1047 2457 1117 2501 non
1139 2438 1284 2502 noverit.

167 2524 266 2604 Quod
290 2526 320 2588 si
342 2524 483 2589 minoris
513 2525 581 2589 loci
609 2545 755 2609 persona
778 2529 830 2589 est
853 2529 889 2590 et
911 2544 982 2588 non
1005 2525 1166 2590 habuerit
1193 2526 1285 2589 unde

166 2617 348 2699 conponat,
379 2614 452 2698 ipse
476 2615 636 2679 tradatur
658 2615 695 2677 in
718 2607 911 2698 potestateb
939 2613 1000 2690 illi,
1033 2617 1154 2678 contra
1184 2634 1286 2698 quem

118 2732 140 2768 a.
165 2702 294 2768 falsum
335 2703 573 2767 testimonium
616 2703 763 2778 dixerat,
810 2703 1008 2767 serviturus.
1071 2702 1285 2786 Quicumque

164 2794 283 2856 autem
312 2790 368 2854 vel
398 2791 564 2856 beneficio
595 2793 785 2877 corruperit
814 2791 965 2874 aliquem
994 2790 1049 2855 vel
1080 2793 1285 2856 circumven-

163 2881 260 2944 tione
295 2879 451 2962 qualibet
485 2879 613 2944 falsum
646 2881 885 2945 testimonium
919 2880 1033 2944 dicere
1067 2881 1284 2964 persuaserit,

165 2969 248 3032 dum
265 2969 405 3032 evidens
425 2969 528 3032 huius
550 2970 601 3033 rei
621 2973 862 3034 conmentum⁰
884 2969 1045 3053 patuerit,
1069 2972 1144 3032 tam
1161 2963 1282 3032 autor‘1

166 3056 314 3133 sceleris,
338 3058 397 3139 qui
420 3057 457 3120 in
478 3057 659 3121 interitum
674 3058 826 3122 intendit
842 3057 994 3134 alterius,
1019 3077 1123 3140 quam
1139 3058 1202 3133 his,
1226 3057 1286 3140 qui

165 3165 280 3209 rerum
315 3145 483 3210 ariditate
517 3146 660 3229 cupidus
694 3146 913 3211 testificande
948 3145 1087 3230 prebuit
1120 3144 1286 3210 falsitatis

166 3235 359 3312 adsensum,
384 3235 458 3318 pari
482 3234 584 3298 simul
607 3235 780 3299 sententia
802 3233 936 3298 falsarii
958 3232 1179 3299 teneantur*.

120 3334 142 3371 a.

371 3403 437 3460 VII.
469 3403 638 3460 FLAVIUS
657 3403 971 3460 OHINDASVINDUS
990 3405 1077 3460 REX.

26 3559 28 3600 ,
168 3515 226 3582 De
250 3517 334 3594 his,
363 3518 435 3600 qui
463 3517 514 3580 ad
541 3517 703 3581 falsum
726 3517 1031 3581 testimonium
1056 3518 1287 3582 dicendum

26 3605 27 3608 ’
169 3605 278 3669 alios
311 3609 551 3690 provocant
580 3606 649 3670 vel
680 3626 828 3670 servos
863 3605 1035 3671 alienos
1071 3607 1122 3670 ad
1157 3605 1286 3670 liber·

521 3698 658 3758 tatem
688 3694 927 3779 inpellunt.

275 3799 311 3864 Si
346 3801 421 3883 quis
456 3804 577 3864 contra
614 3801 790 3866 hominem
828 3801 1019 3883 ingenuum
1053 3805 1088 3865 et
1124 3802 1285 3866 adversus

172 3885 349 3952 lirertuma
376 3889 526 3971 aliquem
553 3909 752 3973 provocasse
777 3890 992 3954 convincitur
1017 3883 1165 3953 falsumb
1192 3891 1286 3954 testi-

283 4069 308 4138 *)
325 4071 387 4124 Ood.
405 4071 460 4124 122
478 4071 559 4126 cdd:
583 4073 612 4123 et
636 4070 748 4139 insuper
773 4070 808 4123 ad
834 4069 949 4123 aliorum
975 4073 1080 4123 terrore
1100 4068 1220 4123 centurie
1239 4068 1286 4121 fla-

326 4140 524 4267 ἕὲἒξῗγχὲιὲξὲίξε
535 4140 672 4195 verberati
690 4141 808 4210 turpiter
820 4141 911 4208 etiam,
931 4144 962 4193 ut
974 4140 1050 4211 digni
1062 4143 1134 4208 sunt,
1154 4156 1185 4193 ac
1197 4139 1287 4192 viliter

273 4360 540 4410 ntertimoniodioendo
555 4363 603 4406 M.
644 4365 666 4413 g)
682 4364 854 4406 territoriolii.
895 4365 919 4413 h)
933 4366 962 4411 ct.
971 4374 1040 4412 supra
1050 4375 1070 4405 n.
1080 4361 1101 4405 d.
1143 4363 1159 4411 l)
1173 4361 1287 4405 cumas.

174 4412 196 4461 k)
209 4415 361 4465 eleget-itm.
407 4417 423 4464 l)
437 4415 797 4459 idoneis-voluerintder.R1.
842 4419 872 4464 m)
887 4415 915 4457 de
926 4415 985 4465 quod
999 4417 1049 4459 ΕΞ.
1089 4417 1113 4464 n)
1128 4415 1226 4455 edictum
1240 4415 1286 4457 ΕΙ.

274 4469 311 4510 VI.
339 4469 545 4519 musmonem.
586 4470 812 4519 onocentaumlra.
853 4471 1076 4518 econvemumlrr.
1117 4467 1139 4518 d)
1148 4468 1286 4510 auctores.

274 4523 324 4565 vn.
365 4525 387 4571 a)
401 4523 506 4563 libertum
520 4524 569 4565 122.
623 4525 646 4571 b)
660 4524 779 4564 utfalsum
794 4523 973 4566 diceretaar.
