3220 5212
387 526 466 582 LEX
483 525 599 583 VISIG.
617 524 887 582 REGOESSVIND.
923 525 963 594 11,
977 529 1001 592 1,
1021 529 1046 584 6.
1242 530 1275 582 41

369 702 420 760 VI.
448 703 616 760 FLAVIUS
635 702 950 759 CHINDASVINDUS
968 702 1056 759 REX.

150 832 322 912 Dahis,
350 835 422 918 qui
446 838 600 898 contra
623 835 866 918 principem
889 833 958 898 vel
981 836 1173 916 gentema
1201 836 1275 896 aut

183 923 375 1006 patriam
399 923 544 1007 refugi
567 916 681 987 siveb
708 922 977 987 insulentesc
1007 916 1241 986 existuntt.

261 1044 429 1125 Quantis1
452 1051 595 1112 actenus
612 1045 782 1112 (ictorum
802 1047 915 1131 patria
931 1066 1097 1111 concussa
1112 1047 1158 1110 sit
1174 1045 1275 1110 cladi-

149 1135 225 1212 bus,
258 1137 465 1219 quantisque
488 1137 616 1219 iugiter
640 1137 816 1219 quatiatur
839 1135 1001 1199 istimulis
1025 1135 1269 1220 profugorum⁰

148 1225 217 1288 hac
234 1224 388 1289 nefanda
411 1225 569 1309 supervia
585 1225 790 1300 deditorum,
815 1245 858 1289 ex
880 1243 920 1288 eo
943 1243 1031 1309 pene
1047 1217 1203 1288 cunctas
1222 1229 1275 1288 est

149 1313 344 1396 cognitum,
382 1315 475 1396 quod
509 1318 545 1378 et
575 1314 686 1398 patrie
716 1313 1008 1378 diminutionemss
1042 1307 1272 1396 agnoscunt,

149 1405 185 1466 et
210 1402 278 1466 hac
300 1403 504 1467 hoccasione
528 1404 643 1487 potius
668 1423 771 1486 quam
791 1403 1100 1486 expugnandorum
1122 1402 1274 1466 hostium

148 1493 368 1555 externorum
387 1511 482 1555 arma
505 1511 638 1556 sumere
662 1511 742 1577 sepe
766 1490 1003 1576 conpellimur.
1039 1489 1089 1553 Ut
1104 1509 1185 1572 ergo
1200 1495 1274 1554 tam

148 1580 226 1643 dira
247 1581 426 1645 temeritas
449 1581 592 1645 tandem
615 1581 708 1645 victa
731 1572 928 1664 depereat¹‚
957 1582 993 1644 et
1015 1580 1053 1642 in
1076 1579 1274 1644 huiusmodi

147 1669 460 1751 transgressoribus
487 1669 674 1734 manifesta
702 1669 846 1734 iseelera
867 1688 939 1732 non
960 1668 1202 1750 relinquantur
1224 1669 1273 1732 ul·

146 1758 258 1821 terius
281 1759 451 1842 inpunita,
480 1759 546 1822 hac
569 1778 670 1823 omne
694 1777 879 1842 peresum
901 1756 1052 1821 vatitura
1074 1750 1174 1839 legek
1199 1777 1272 1821 san·

147 1847 272 1924 cimus,
311 1850 352 1910 ut
381 1848 589 1930 quicumque
620 1867 662 1912 ex
688 1850 843 1932 tempore
872 1838 1076 1911 reverende¹
1110 1847 1272 1912 memorie

148 1933 365 1999 chintilani²
392 1936 556 2021 principis
584 1956 692 2018 usque
717 1937 760 2000 ad
784 1939 952 2011 annumm‚
984 1934 1092 1998 Deom
1120 1934 1271 2013 favente,

146 2025 247 2106 regni
276 2025 387 2088 nostri
417 2025 568 2090 secundo
595 2025 651 2089 vel
681 2026 804 2089 amodo
835 2028 871 2088 et
898 2023 992 2087 ultra
1022 2024 1067 2087 ad
1095 2023 1272 2089 adversam

146 2115 289 2195 gentem
310 2113 366 2177 vel
394 2117 594 2178 extraneam
616 2117 751 2198 partem
774 2114 949 2198 perrerrit¹1
977 2113 1047 2177 sive
1073 2114 1270 2196 perrexerit,

146 2204 208 2265 aut
239 2202 345 2265 etiam
373 2203 424 2267 ire
454 2202 565 2267 voluit
595 2203 650 2267 vel
680 2204 886 2286 quandoque
912 2201 1071 2279 voluerit,
1102 2204 1143 2264 ut
1170 2201 1271 2267 scele-

145 2291 318 2354 ratissimo
354 2311 441 2355 ausu
475 2295 596 2356 eontra
629 2295 769 2375 gentem
803 2291 997 2356 (totorum¹1
1033 2289 1088 2355 vel
1122 2291 1271 2373 patriam

146 2383 300 2460 ageret0,
325 2383 386 2444 aut
402 2379 549 2445 fortasse
566 2384 709 2445 conetur
725 2380 944 2463 aliquatenus
961 2398 1072 2462 agere,
1097 2381 1132 2443 et
1149 2382 1269 2462 captus

146 2469 216 2531 sire
249 2469 405 2533 detectus
436 2469 553 2534 extitit
582 2469 638 2534 vel
668 2469 838 2546 extiterit,
874 2469 945 2533 sive
975 2468 1019 2532 ab
1050 2487 1141 2532 anno
1170 2469 1269 2551 regni

145 2557 256 2620 nostri
291 2557 400 2642 primo
428 2558 484 2623 vel
515 2558 676 2643 deinceps
710 2557 880 2642 quispiam
915 2556 1008 2621 inira
1042 2558 1127 2622 fines
1157 2558 1268 2642 patrie

148 2643 319 2709 Gotorum
334 2666 585 2730 quamcumque
602 2646 901 2712 conturbationem
924 2650 986 2711 aut
1006 2646 1209 2710 scandalum
1231 2646 1268 2709 in

147 2736 430 2800 contrarietatem
463 2736 563 2819 regni
592 2737 702 2800 nostri
729 2735 786 2800 vel
816 2736 930 2818 gentis
963 2734 1078 2799 iacere
1108 2734 1266 2810 voluerit,

147 2823 217 2886 sive
248 2842 290 2887 ex
317 2827 473 2908 tempore
509 2825 619 2889 nostri
655 2824 831 2908 regiminis
863 2824 959 2889 talel'
999 2823 1131 2906 aliquid
1166 2843 1267 2906 agere

145 2911 202 2975 vel
218 2912 398 2996 disponere
414 2913 561 2991 videtur,
585 2915 622 2976 in
637 2932 758 2978 necem
772 2913 829 2978 vel
845 2913 1095 2978 abiectionemq
1113 2915 1268 2976 nostram

253 3085 292 3127 vL
333 3087 355 3133 a)
369 3096 444 3135 regem
458 3087 508 3129 ΕΙ.
570 3086 713 3134 b)sibiR1.
777 3089 799 3134 c)
812 3086 936 3126 insolenter
950 3086 999 3127 Rs.
1067 3082 1092 3136 d)
1106 3083 1205 3124 existant
1219 3085 1267 3126 al.

147 3140 167 3185 e)
181 3138 350 3186 profuturorum
364 3140 414 3183 nr.
476 3139 654 3191 occuicuttus
668 3140 717 3181 nr.
779 3143 802 3189 g)
816 3137 966 3179 diminutione
980 3140 1029 3181 Rl.
1092 3138 1269 3186 memorerm

147 3201 203 3233 corr¹
218 3193 407 3240 agnoscunth.
447 3193 464 3241 i)
478 3197 610 3242 permaneat
623 3194 672 3235 ΕΙ.
712 3192 736 3240 k)
750 3194 807 3232 deest
820 3194 870 3237 Rl.
909 3189 1123 3241 tranantem.
1163 3194 1194 3240 ιιι)
1207 3202 1267 3231 anno

143 3254 187 3346 {qo
197 3255 221 3336 (pi.
235 3246 285 3284 Deo
300 3247 368 3337 ΜΒ
403 3245 427 3297 ιι)
440 3247 542 3296 perrexit
556 3267 582 3275 -
597 3247 706 3288 (totorum
720 3247 763 3288 dee.
776 3247 826 3288 121.
880 3247 902 3294 o)
916 3257 984 3296 agere
997 3247 1048 3288 121.
1099 3248 1122 3294 p)
1137 3243 1205 3285 talem
1219 3247 1267 3287 Rl.

182 3308 196 3337 a
222 3298 333 3338 actionem
378 3300 397 3342 l.

148 3438 173 3505 1)
189 3440 262 3492 Hns'c
273 3443 359 3508 capiti
368 3442 526 3494 simillimus
537 3449 574 3494 est
585 3458 670 3494 canon
681 3445 704 3497 1.
718 3441 833 3495 Consilii
844 3443 967 3495 Toletani
979 3443 1041 3497 VII.
1054 3458 1080 3497 n.
1094 3443 1154 3498 646.
1172 3442 1266 3510 habits,

147 3512 194 3576 qni
209 3513 247 3562 ad
264 3513 344 3564 acrba
361 3514 418 3577 scre
436 3513 575 3565 nonnullis
594 3514 657 3565 locis
674 3529 733 3564 cnm
751 3514 801 3565 hac
820 3513 873 3579 bryc
889 3515 1014 3567 conanti.
1051 3515 1139 3580 Neque
1150 3530 1218 3579 oeno,
1238 3522 1268 3566 nt

147 3583 271 3648 opinatus
295 3589 333 3635 est
356 3585 389 3638 F.
408 3583 500 3651 Dnhn,
522 3585 692 3651 ‘Kdniqc'K
715 3602 745 3652 p.
759 3585 821 3649 195,
848 3584 1065 3637 chindasvindus
1088 3601 1138 3637 nen
1162 3587 1270 3637 conscilii

64 3665 67 3672 ·
106 3702 108 3706 ,
147 3653 222 3705 illins
240 3654 371 3706 decretam
389 3657 485 3722 recepit
502 3656 533 3707 in
552 3656 647 3722 leyemf
664 3656 710 3708 sed
727 3656 858 3708 decretum
872 3657 965 3723 potins
982 3656 1019 3708 ad
1036 3657 1184 3723 nnemplnm
1203 3657 1269 3722 lepis

147 3724 294 3786 fornsatnrn
312 3741 365 3778 esse
382 3727 495 3781 videtur.
531 3727 589 3779 Lac
606 3728 677 3778 enim
693 3728 724 3778 in
732 3727 846 3795 protono
856 3742 988 3778 cononum
1000 3729 1056 3778 inm
1069 3728 1190 3779 ‘dndnrn'
1202 3728 1268 3780 data

147 3803 324 3848 memoratur:
342 3795 468 3849 novimus
487 3837 536 3852 ...
554 3796 594 3849 ita
612 3795 716 3850 dudum
734 3797 840 3866 legibus
859 3796 1001 3852 decretum
1019 3796 1109 3864 fuisse,
1128 3802 1160 3850 ut
1177 3798 1267 3851 nuilus

147 3864 241 3934 refuga
253 3866 298 3919 vel
309 3865 439 3936 perfidus,
458 3867 506 3936 qui
518 3872 615 3922 contra
626 3871 737 3936 gentem
750 3866 906 3922 Gothorum
918 3868 962 3922 vel
973 3867 1091 3936 patriam
1110 3885 1158 3921 scu
1173 3885 1268 3939 regem

148 3950 226 4004 agere
245 3940 294 3990 aut
311 3938 341 3990 in
359 3938 470 3991 alterius
488 3939 578 4007 gentis
592 3939 751 3993 societatem
763 3956 792 3994 se
804 3938 981 3993 transducere
993 3939 1137 4009 reperitur,
1155 3939 1267 4009 integri-

147 4007 195 4060 tati
206 4024 301 4061 rerum
315 4025 426 4062 suarum
438 4010 593 4063 nrdiatenus
605 4009 778 4078 reformetur,
796 4011 848 4064 nisi
866 4010 980 4064 forsitan
997 4010 1124 4079 princeps
1142 4010 1267 4064 humani·

148 4078 207 4130 tatis
225 4077 329 4146 aliquid
346 4081 470 4148 personis
487 4080 587 4134 talibus
605 4081 740 4150 impertiri
751 4081 882 4148 voluerit3
901 4081 948 4149 qui
965 4085 1059 4136 tamen
1077 4099 1133 4135 non
1152 4083 1268 4150 amplius

148 4164 227 4214 quam
240 4150 398 4204 vicesimam
410 4155 518 4220 partem
529 4169 623 4206 rerum
635 4152 661 4206 ei
673 4153 722 4220 qui
732 4151 853 4221 perfidus
865 4153 970 4207 exstitit
982 4152 1016 4207 de
1028 4153 1118 4222 rebus,
1133 4152 1206 4206 unde
1218 4169 1268 4207 rex

149 4219 268 4288 elegerit,
284 4221 425 4276 tribuendi
435 4225 601 4291 potestatem
613 4223 733 4279 habebit.
748 4255 780 4264 —
793 4226 840 4279 En
851 4242 924 4279 anno
936 4227 1047 4279 secundo
1058 4228 1137 4291 reyni
1149 4227 1267 4278 Onindc

149 4293 235 4343 misdi
252 4295 331 4356 infra
343 4302 488 4348 memorato
499 4297 584 4348 conici
596 4295 662 4361 licet,
682 4296 729 4348 hor
740 4297 798 4364 ipso
815 4312 886 4350 anno
904 4301 951 4364 (=
965 4315 991 4352 a.
1002 4297 1092 4367 642l3.
1108 4317 1137 4366 p.
1149 4299 1213 4352 Chr.
1225 4300 1267 4363 n.)

149 4359 226 4427 lepem
243 4365 343 4416 editam
360 4381 422 4420 esse.
449 4395 481 4406 -
507 4367 601 4418 Etiam
620 4366 770 4420 chronicon
791 4385 815 4436 q.
834 4369 861 4424 d.
879 4369 1042 4435 Fredsparii
1057 4371 1141 4433 refert
1159 4370 1190 4422 de
1205 4385 1267 4437 per-

149 4433 220 4498 fnqis
237 4441 261 4486 et
276 4437 466 4489 rebellantibus
477 4454 495 4489 n
508 4437 709 4491 Chindascindo
719 4441 868 4492 omnimodo
879 4443 1039 4508 snpprasis,
1060 4442 1104 4494 lib.
1117 4441 1168 4506 IV,
1187 4456 1208 4495 c.
1221 4442 1265 4505 82,

75 4523 79 4534 ·
150 4503 195 4558 SS.
213 4522 266 4561 rer.
286 4508 353 4562 Mer.
373 4508 412 4575 II,
429 4527 459 4577 p.
472 4510 532 4564 163.
604 4509 632 4576 2)
650 4509 772 4562 Citintilo
789 4527 839 4563 ren
856 4513 979 4577 rcqnacs't
996 4528 1022 4567 a.
1036 4513 1186 4567 aaa—640.
