3264 5206
368 535 447 589 LEX
464 534 578 590 VISIG.
598 534 867 591 REOOESSVIND.
904 534 971 604 vn,
990 540 1015 602 2,
1034 538 1113 592 2-5.
1250 539 1303 592 207

599 711 638 768 11.
669 710 883 781 turmula.

183 807 226 872 si
254 828 403 872 servus
435 810 535 872 ante
564 800 732 871 datamb
765 827 839 871 seu
868 811 967 891 post
997 807 1142 896 datam
1172 807 1302 872 liber-

484 900 621 959 tatem
650 896 792 959 faciat
820 895 997 958 furtum.

289 1003 327 1066 Si
349 1003 425 1086 quis
448 1003 485 1065 in
509 1002 648 1067 servitio
673 1002 881 1066 constitutus
904 1002 1038 1064 furtum
1067 1003 1243 1066 admiserit
1267 1005 1302 1066 et

182 1095 302 1177 postea
326 1112 347 1155 a
370 1091 509 1156 domino
532 1111 594 1155 suo
616 1090 725 1154 fuerit
747 1090 984 1168 manumissus,
1013 1090 1084 1168 illa,
1111 1111 1177 1173 que
1200 1093 1303 1156 antea

182 1181 396 1256 conmiserat,
422 1180 467 1243 ad
490 1180 653 1243 damnum
677 1180 808 1243 domini
827 1200 897 1243 non
913 1179 1122 1262 pertineant,
1147 1181 1207 1243 sed
1229 1180 1302 1263 ipse

182 1270 272 1334 sicut
295 1273 431 1333 servus⁰
451 1263 598 1352 penam‘l
616 1268 672 1332 vel
696 1268 859 1331 damnum
883 1268 1018 1350 legibus
1042 1268 1206 1352 suscipias
1227 1288 1302 1332 con-

182 1359 358 1434 stitutum,
395 1358 454 1440 qui
483 1356 617 1420 inlicita
646 1359 861 1440 perpetrasse
891 1357 1091 1420 dinoscitur.
1144 1355 1243 1435 Quod
1273 1358 1303 1420 si

182 1450 260 1531 post
284 1447 402 1511 datam
424 1446 622 1509 libertatem
645 1446 710 1509 hoc
733 1445 865 1522 fecerit,
890 1445 941 1508 ita
963 1448 1003 1507 ut
1026 1465 1143 1509 servus
1167 1449 1203 1509 et
1226 1466 1302 1509 con-

181 1535 388 1620 positionem
419 1538 454 1599 et
483 1533 623 1618 flagella
653 1535 832 1598 sustineat.
880 1532 980 1611 Quod
1010 1534 1038 1598 si
1067 1533 1139 1597 tale
1168 1534 1302 1598 factum

181 1644 253 1687 non
274 1623 390 1699 luerit,
423 1626 562 1706 propter
585 1624 677 1705 quod
700 1623 859 1686 servituti
881 1623 1050 1699 tradatur,
1079 1623 1117 1685 in
1139 1622 1301 1686 libertate

183 1715 325 1796 accepta
347 1711 597 1775 nihilhominus
620 1715 830 1794 permaneat.

590 1845 644 1902 m.
676 1845 888 1915 ruricula.

183 1943 226 2007 si
254 1963 404 2006 servus
434 1942 486 2005 ad
514 1941 649 2004 alium
677 1942 893 2004 dominum
921 1941 1146 2005 transiens
1174 1943 1301 2024 quod·

387 2050 565 2113 cumque
593 2030 831 2094 conmittat
859 2030 1096 2093 inlicitum.

289 2137 327 2200 Si
349 2157 475 2213 servus,
501 2137 583 2200 dum
606 2136 651 2200 ad
674 2136 781 2199 alium
805 2136 982 2200 dominum
1003 2137 1140 2213 transit,
1170 2136 1300 2219 aliquid

183 2227 225 2290 de
254 2226 356 2289 rebus
387 2225 509 2309 prioris
540 2225 671 2289 domini
700 2224 905 2289 involaverit
936 2228 996 2289 aut
1026 2225 1210 2289 abstulerit
1240 2246 1300 2290 seu

182 2314 419 2397 quodcumque
436 2315 638 2378 damnosum
654 2312 759 2377 alicui
781 2313 949 2391 intulerit,
975 2314 1058 2377 dum
1080 2331 1141 2398 pro
1158 2315 1299 2379 crimine

182 2403 383 2486 cupiditatis
407 2403 502 2486 cupit
526 2402 649 2478 addici,
674 2395 905 2466 discutiaturb
933 2424 954 2465 a
976 2403 1100 2467 iudice.
1143 2403 1188 2466 Et
1212 2404 1241 2467 si
1263 2404 1300 2466 id

183 2492 311 2556 crimen
343 2491 518 2555 admisisse
543 2491 767 2568 convincitur,
798 2491 967 2575 posterior
995 2492 1163 2567 dominus,
1195 2492 1224 2555 si
1246 2513 1300 2556 vo·

181 2579 296 2656 luerit,
327 2601 388 2664 pro
412 2599 508 2644 servo
532 2581 696 2643 damnum
726 2581 971 2663 conpositionis
995 2580 1141 2644 exolvat.
1189 2580 1299 2657 Certe,

180 2669 211 2732 si
232 2667 394 2744 noluerit,
423 2689 539 2732 servus
567 2668 755 2733 secundum
784 2669 935 2733 criminis
962 2668 1167 2751 qualitatem
1188 2670 1300 2732 trada-

179 2761 238 2820 tur
262 2758 306 2822 ad
328 2778 463 2840 penam.

584 2839 655 2894 1111.
686 2838 897 2909 ANTIQUAs.

209 2933 253 2997 Si
276 2935 475 2998 dominus
500 2954 591 2999 cum
615 2955 738 2999 servo
762 2934 908 2998 alieno
931 2934 1071 2998 faciat
1093 2933 1270 2998 furtum.

289 3041 325 3104 si
354 3042 429 3123 quis
452 3042 623 3124 ingenuus
653 3062 732 3105 cum
762 3061 859 3105 servo
889 3040 1001 3105 alieno
1031 3041 1069 3103 in
1097 3040 1212 3122 aliquo
1241 3042 1300 3104 cri-

180 3130 274 3194 mine
297 3130 458 3193 inventus
481 3130 597 3207 luerit,
621 3133 662 3192 ut
684 3130 820 3192 lurtum
834 3130 992 3193 forsitam
1008 3129 1140 3192 faciant
1162 3129 1219 3193 vel
1243 3129 1301 3193 ali-

181 3219 264 3301 quid
286 3219 425 3302 rapiant
448 3221 510 3282 aut
531 3218 667 3282 inlicita
690 3238 901 3301 quecumque
925 3218 1153 3294 committant,
1185 3239 1300 3282 secun·

182 3308 265 3370 dum
281 3307 491 3390 superiorem
506 3306 639 3391 legem1
653 3307 876 3371 medietatem
891 3307 1044 3371 eiusdem
1057 3307 1300 3390 conpositionis

181 3395 352 3476 exolvunt,
376 3395 428 3459 ita
445 3400 486 3460 ut
502 3396 602 3459 ambo
618 3394 756 3480 publice
772 3395 995 3478 fustigentur.
1030 3395 1076 3458 Et
1099 3396 1128 3458 si
1151 3396 1301 3459 noluerit

181 3485 341 3548 dominus
370 3505 432 3567 pro
460 3505 557 3548 servo
586 3484 794 3561 satisfacere,
825 3485 938 3567 ipsum
968 3504 1104 3548 servum
1133 3505 1195 3567 pro
1226 3504 1300 3548 con-

180 3565 371 3657 positioneb
398 3573 535 3638 tradere
557 3594 628 3637 non
650 3576 813 3637 moretur.
849 3571 950 3650 Quod
974 3573 1002 3636 si
1026 3573 1188 3656 capitalia
1210 3573 1300 3637 forte

182 3661 414 3739 conmiserint,
440 3661 543 3726 simul
562 3682 677 3726 servus
695 3681 773 3724 cum
788 3661 939 3744 ingenuo
955 3664 1066 3726 morte
1083 3663 1299 3726 damnentur.

600 3797 636 3852 v.
667 3795 881 3865 auricula.-

227 3891 271 3955 si
301 3893 500 3956 dominus
531 3913 622 3956 cum
653 3913 776 3956 servo
806 3913 881 3956 suo
909 3892 1051 3956 faciat
1078 3892 1254 3955 furtum.

290 3997 348 4061 812
371 3999 529 4062 dominus
554 4018 632 4061 cum
655 4017 751 4062 servo
775 4019 836 4062 suo
861 3998 905 4061 ad
927 3999 1062 4098 furtum
1078 3991 1296 4062 faciendumb

289 4153 319 4194 II.
359 4152 514 4203 a)dwstlt2.
568 4154 591 4200 b)
605 4151 658 4191 data
673 4153 719 4194 121.
773 4155 794 4198 c)
808 4153 912 4202 superius
926 4153 973 4195 121.
1027 4151 1183 4202 d)pcnaR1.

289 4206 331 4247 ΙΙΙ.
372 4208 394 4253 a)
407 4206 464 4244 deest
477 4206 526 4248 122.
579 4207 602 4253 b)
617 4204 762 4246 discuttiatur
776 4206 822 4247 131.

289 4259 342 4302 1111.
383 4261 406 4307 a)
419 4260 476 4298 deest
489 4259 538 4302 132.
592 4259 616 4307 b)
630 4258 783 4307 conpositione
797 4259 843 4301 ΕΙ.

289 4312 315 4354 V.
356 4314 378 4360 a)
392 4313 448 4350 deest
461 4313 510 4354 122.
564 4313 587 4360 b)
601 4313 633 4350 bis
646 4323 688 4355 scr.
702 4313 748 4354 121.

184 4433 211 4501 1)
226 4435 257 4490 V.
275 4452 361 4502 supra
379 4452 399 4490 c.
412 4438 438 4491 2.
493 4435 521 4503 2)
539 4437 581 4501 Cf.
599 4438 677 4501 infra
694 4436 857 4503 VIJJ,1,1,·
875 4437 907 4491 L.
927 4437 1000 4490 Fas.
1014 4439 1038 4502 1,
1054 4438 1102 4498 14,·
1121 4437 1152 4490 L.
1166 4437 1231 4489 Sacc.
1251 4437 1300 4496 50;

182 4506 234 4560 m.
254 4507 333 4561 nors.
352 4509 405 4562 249
424 4510 442 4562 s.
462 4509 499 4572 f„-
518 4508 654 4572 cruam,
676 4506 720 4561 m.
740 4508 811 4561 sc)
829 4507 869 4574 Η,
885 4525 914 4575 p.
928 4509 988 4562 sco.
