3220 5212
321 1434 397 1506 DE
432 1433 714 1508 NEGOTIIS
750 1433 1090 1509 OAUSARUM.

388 1659 599 1769 LIBER
636 1657 1025 1770 SECUNDUS.

214 1912 243 1974 Ι.
259 1911 473 1975 TITULUS:
499 1911 562 1974 DII
587 1910 834 1976 IUDIOIBUS
858 1910 916 1974 ΕΤ
939 1911 1193 1976 IUDIOATIS.

317 2035 347 2098 I.
384 2033 484 2114 Quod
514 2037 550 2099 et
580 2035 676 2118 regia
705 2038 858 2118 potestas
895 2038 930 2100 et
960 2036 1165 2120 populorum
1194 2038 1267 2100 uni·
1385 2074 1387 2078 ·

381 2124 525 2188 versitas
548 2123 686 2207 legum³
712 2124 906 2189 reverentie
930 2125 976 2188 sit
999 2124 1165 2190 subiecta.

298 2212 346 2275 ΙΙ.
384 2211 484 2290 Quod
507 2211 598 2275 nulli
620 2211 715 2295 leges
737 2213 870 2276 nescire
893 2211 1008 2278 liceat.

274 2300 345 2364 III.
382 2299 483 2380 Quod
500 2303 603 2366 antea
619 2295 798 2365 ordinareb
819 2303 973 2385 oportuit
995 2303 1156 2385 negotia⁰
1177 2304 1265 2387 prin·

382 2391 505 2473 cipum,
530 2394 650 2474 postea
673 2390 889 2474 populorum.

254 2478 344 2542 IIII.
381 2479 434 2542 De
463 2481 632 2563 tempore,
669 2499 736 2562 quo
771 2478 921 2543 debeant
955 2479 1049 2562 leges
1083 2481 1265 2545 emendate

380 2567 506 2632 valere.

303 2655 343 2718 V.
379 2656 433 2720 De
457 2657 651 2740 principum
675 2656 866 2739 cupiditate
890 2658 1056 2722 damnata
1079 2677 1264 2740 eorumque

379 2745 489 2809 initiis
524 2745 738 2822 ordinandis,
775 2739 832 2809 et<l
868 2745 1018 2828 qualiter
1052 2747 1264 2812 conficienda

379 2836 462 2897 sunt
485 2833 653 2917 scripture
676 2834 713 2896 in
736 2834 874 2898 nomine
897 2835 1092 2918 principum
1114 2834 1218 2899 facte.

282 2921 343 2986 VI.
379 2922 434 2987 De
456 2923 520 3000 his,
546 2922 605 3005 qui
625 2926 746 2986 contra
761 2923 952 3007 principem
966 2923 1023 2987 vel
1038 2925 1179 3006 gentem
1202 2928 1263 2987 aut

379 3011 527 3095 patriam
549 3010 684 3094 refugi⁰
713 3011 768 3075 vel
790 3010 982 3075 insulentes
1006 3011 1169 3076 existunt.

261 3099 343 3163 VII.
379 3099 432 3164 De
464 3120 535 3163 non
566 3100 780 3164 criminando
810 3100 1001 3185 principem
1030 3120 1094 3165 nec
1124 3099 1262 3164 maledi·

379 3189 488 3252 cende
511 3187 575 3250 iili.

241 3276 342 3341 VIII.
378 3276 432 3342 De
454 3277 595 3342 remotis
619 3276 811 3341 alienarum
834 3277 991 3360 gentium
1013 3277 1158 3360 legibus.

215 3365 341 3431 VHII.
377 3365 431 3430 Ne
444 3369 586 3450 excepto
598 3365 707 3429 talem
718 3364 856 3442 librum,
874 3365 985 3448 qualis
997 3366 1064 3443 hic,
1082 3367 1141 3449 qui
1152 3387 1263 3450 nuper

377 3458 430 3518 est
446 3454 570 3530 editus,
587 3446 758 3518 alterumf
772 3455 915 3536 quisque
931 3458 1107 3538 presumat
1123 3454 1260 3520 habere.

296 3543 339 3606 X.
375 3541 429 3607 De
461 3542 582 3606 diebus
611 3542 711 3607 festis
742 3545 778 3607 et
806 3543 950 3620 feriatis,
981 3542 1168 3626 inquibus
1191 3564 1262 3607 non

377 3634 459 3695 sunt
481 3631 622 3714 negotia
647 3626 902 3714 [exequendassl.

276 3720 339 3784 XI.
375 3719 424 3783 Ut
453 3719 553 3784 nulla
583 3740 687 3783 causa
716 3740 737 3783 a
766 3719 938 3784 iudicibus
967 3720 1138 3797 audiatur,
1170 3714 1258 3804 queh

376 3808 511 3892 legibus
534 3829 605 3872 non
627 3811 779 3873 tenetur.

257 3897 341 3961 XII.
377 3897 426 3961 Ut
439 3897 634 3962 terminate
658 3889 777 3961 caricei
803 3896 1006 3960 nullatenus
1027 3897 1259 3974 revolvantur,

375 3979 534 4069 reliquek
566 4005 647 4050 vero
677 3986 721 4049 ad
751 3985 833 4049 libri
862 3986 965 4050 huius
995 3986 1118 4050 seriem
1147 3987 1260 4051 termi-

375 4078 513 4152 nentur,
545 4074 717 4139 adiciendi
745 4073 838 4157 leges
862 4074 1073 4158 principibus
1096 4074 1259 4138 libertate

375 4167 548 4228 manente.

244 4353 310 4396 ΜΒ.
326 4354 359 4396 II.
387 4354 444 4396 TIT.
459 4354 477 4396 1.
518 4354 540 4401 a)
554 4353 568 4395 l.
583 4374 609 4382 -
623 4352 726 4392 subiecta
743 4353 786 4395 dcc.
800 4353 849 4396 132.
906 4353 929 4401 b)
943 4349 1045 4392 ordinari
1058 4353 1079 4392 Β
1089 4352 1108 4394 2,
1162 4354 1182 4400 c)
1196 4363 1218 4396 n.
1233 4374 1259 4382 -

141 4406 273 4454 populorum
287 4407 330 4449 des.
345 4407 366 4445 R
375 4407 395 4450 2.
449 4404 472 4455 d)
487 4409 511 4448 et
524 4427 551 4436 -
564 4407 624 4446 facte
638 4407 681 4449 dcc.
697 4407 717 4445 R
726 4406 745 4448 2.
800 4408 821 4455 e)
835 4406 876 4448 ref.
885 4427 911 4435 -
921 4406 1022 4446 extstunt
1035 4407 1079 4448 des.
1093 4407 1113 4444 R
1122 4406 1141 4448 2.
1195 4405 1259 4453 oal-

142 4462 212 4498 tcrum
222 4481 248 4489 -
258 4460 343 4500 habere
356 4460 400 4502 dec.
413 4461 434 4498 R
443 4460 462 4502 2.
516 4461 538 4510 g)
552 4460 663 4498 emendavi
677 4470 704 4498 ex
717 4459 807 4498 rubrica
820 4463 902 4508 tecnas,-
916 4457 1057 4508 exquirenda
1070 4459 1124 4509 R1;
1139 4459 1196 4498 deest
1209 4459 1258 4501 122.

142 4511 164 4559 h)
178 4523 222 4560 que
236 4534 262 4542 -
276 4517 367 4554 tenetur
381 4515 424 4556 dcc.
438 4512 487 4556 122.
541 4513 680 4562 i)p1·eterttc
695 4513 746 4556 add.
759 4513 780 4551 R
789 4513 808 4556 t.
862 4511 886 4561 k)
901 4512 1023 4562 relique-
1032 4516 1138 4553 manente
1151 4513 1195 4556 dcc.
1209 4512 1258 4553 ΒΞ.

219 4601 264 4646 LL.
274 4601 344 4651 Visis.
357 4605 405 4646 ant,
1027 4603 1044 4654 3
