3218 5202
337 520 415 576 LEX
433 519 548 576 VISIG.
566 519 833 576 Rnccnssvnu).
870 520 910 591 Π,
928 523 1080 590 5,11-14.
1231 525 1266 580 83

146 727 246 770 suam
275 705 413 788 propria
442 724 547 767 manu
576 703 806 768 conscribat0.
858 702 957 782 Quod
987 705 1017 768 si
1046 704 1181 768 litteras
1211 725 1265 769 ne-

146 794 264 858 scierit
287 797 349 857 aut
371 814 431 876 pre
455 792 596 875 langore
616 787 798 857 iscribere‘1
822 812 891 856 non
913 792 1096 869 valuerite,
1121 795 1266 858 eandem

145 881 374 946 volumtatem
396 881 501 946 servis
524 881 686 957 insinuet,
711 874 877 963 quorumf
896 881 999 945 fidem
1016 882 1193 965 episcopus
1210 882 1265 945 ad·

145 991 214 1053 que
243 971 347 1034 iudex
376 969 522 1054 probare
557 969 743 1034 debebunt.
796 969 842 1032 Et
872 969 901 1033 si
931 968 1130 1034 nullatenus
1163 973 1265 1035 antec

144 1059 363 1123 fraudulenti
392 1058 499 1122 fuisse
530 1058 715 1141 patuerint,
746 1058 839 1141 quod
868 1058 931 1121 sub
960 1058 1145 1123 iuramenti
1172 1061 1264 1122 taxa·

141 1149 241 1212 tione
264 1147 481 1231 protulerint,
507 1146 750 1223 conscribatur,
775 1151 815 1210 ut
839 1147 1026 1210 sacerdotis
1050 1147 1160 1229 adque
1179 1146 1264 1210 iudi·

144 1237 194 1300 cis
228 1236 454 1320 suscriptione
489 1237 659 1311 firmetur;
696 1236 761 1298 hac
793 1235 1039 1318 postmodumss
1076 1236 1263 1300 autoritate

142 1326 244 1408 regia
266 1323 474 1401 roboratum,
499 1325 635 1386 firmum
659 1324 750 1406 quod
774 1323 964 1387 decreverit
986 1323 1166 1388 habeatur.

348 1493 415 1550 XII.
446 1493 615 1549 FLAVIUS
634 1492 947 1548 GHINDASVINDUS
966 1493 1053 1548 REX.

140 1607 200 1671 Ut
229 1606 432 1670 defuncti
461 1606 679 1670 volumtas
708 1609 808 1670 ante
837 1626 908 1669 sex
935 1626 1101 1670 menses
1125 1625 1261 1670 sacer·

328 1696 448 1758 doti⁸
481 1694 550 1758 vel
579 1695 775 1759 testibus
806 1694 1072 1778 publicetur.

253 1801 389 1886 Scripta
411 1801 582 1865 volumtas
611 1801 768 1864 defuncti
796 1804 877 1865 ante
905 1821 963 1864 sex
982 1821 1123 1865 menses
1147 1821 1261 1865 coram

140 1889 300 1973 quolibet
331 1890 507 1953 sacerdote
537 1889 592 1953 vel
621 1888 768 1953 testibus
798 1889 1004 1973 publicetur.
1052 1889 1096 1952 nt
1127 1890 1156 1953 si
1185 1891 1260 1973 quis

138 1971 319 2043 eamdemb
353 1978 508 2060 quelibet
537 1979 660 2042 fraude
691 1978 906 2062 supresserit,
942 1981 1079 2041 tantum
1109 1977 1192 2055 illis,
1224 1979 1260 2042 in

138 2067 267 2149 quibus
281 2070 430 2130 testatus
446 2070 507 2143 est,
532 2068 574 2130 de
590 2067 727 2150 proprio
743 2070 887 2149 cogatur
903 2065 1067 2142 exolvere,
1092 2070 1260 2149 quantum

136 2155 314 2220 eiusdem⁰
328 2155 495 2239 scripture
512 2155 597 2240 serie
614 2156 814 2238 conquirere
829 2149 1035 2239 potuerant(1
1050 2155 1105 2219 vel
1122 2155 1258 2220 habere.

335 2325 418 2381 XIII.
448 2325 616 2381 FLAVIUS
636 2323 950 2380 OHINDASVINDUS
968 2323 1056 2382 REX.

171 2438 233 2502 De
265 2439 631 2522 contropatione⁸
662 2458 876 2515 manuum,
909 2430 970 2500 sib
1002 2437 1225 2520 scriptura

451 2529 653 2590 vertatur
684 2526 727 2588 in
757 2525 944 2589 dubium.

247 2631 374 2697 Omnes
409 2633 589 2716 scripture,
625 2652 770 2715 quarum
805 2635 840 2695 et
875 2635 975 2695 autor
1005 2634 1040 2695 et
1069 2632 1168 2696 testis
1203 2632 1257 2696 de·

137 2722 283 2784 functus
307 2724 368 2797 est,
393 2721 430 2783 in
452 2721 577 2803 quibus
599 2723 717 2785 tamen
740 2721 921 2804 suscriptio
944 2720 999 2784 vel
1022 2720 1158 2804 signum
1181 2740 1257 2784 con-

137 2810 260 2874 ditoris
285 2810 396 2892 adque
419 2810 560 2874 testium
576 2810 721 2873 firmitas
742 2809 944 2892 repperitur,
970 2809 1052 2872 dum
1068 2809 1104 2871 in
1121 2808 1256 2873 audien·

135 2898 190 2960 tia
212 2897 347 2981 prolate
371 2898 598 2973 constiterint,
630 2917 671 2961 ex
701 2897 777 2960 aliis
803 2901 975 2960 cartarum
998 2897 1104 2979 signis
1126 2896 1182 2960 vel
1205 2917 1256 2960 su-

136 2986 383 3070 scriptionibus
422 2989 678 3070 contropentur,
718 2985 935 3068 sufficiatque
974 2986 1018 3049 ad
1056 2984 1256 3049 firmitatem

134 3074 193 3138 vel
222 3075 380 3138 veritatis
414 3075 517 3137 huius
546 3074 745 3156 indaginem
775 3075 1027 3156 agnoscendam
1058 3073 1165 3136 trium
1195 3076 1255 3137 aut

134 3166 303 3245 quattuor
328 3162 573 3246 scripturarum
597 3162 717 3226 similis
742 3164 777 3226 et
800 3162 940 3226 evidens
962 3161 1098 3246 prolata
1113 3163 1255 3246 suscrip-

132 3252 197 3315 tio.
245 3250 347 3329 Quod
371 3252 400 3314 si
421 3251 550 3315 talibus
574 3250 751 3334 scripturis
780 3249 897 3333 legum
919 3254 1077 3334 tempora
1099 3251 1254 3314 obviabe-

132 3341 241 3416 rint⁰,
273 3359 335 3424 pro
359 3342 454 3403 certo
478 3339 683 3416 decernitur,
714 3338 795 3421 quic
816 3338 931 3403 valere
959 3360 1029 3402 non
1055 3333 1252 3423 poteruntd.

210 3526 309 3582 XIIII.
341 3527 510 3583 FLAVIUS
528 3525 743 3582 GLORIOSUS
761 3524 1070 3583 REOGESSVINDUS
1088 3526 1175 3583 REX.

400 3638 460 3704 De
492 3638 710 3722 olografis
741 3639 990 3723 scripturis.

242 3744 354 3823 Quia1
383 3746 559 3810 interdum
585 3744 771 3809 necessitas
801 3745 872 3807 ita⁸
899 3764 977 3828 sepe
1002 3744 1183 3821 concurrit,
1212 3748 1252 3807 ut

131 3834 349 3900 sollemnitas
378 3833 495 3916 legum
518 3833 624 3898 libere
648 3832 802 3917 conpleri
823 3852 894 3896 non
917 3833 1033 3917 possit,
1065 3834 1160 3908 ade0,
1191 3832 1252 3897 ubi

240 4024 261 4075 c)
275 4024 449 4065 nuscrlbctRI.
496 4021 589 4071 d)dceet
604 4023 652 4065 122.
700 4023 835 4073 operuerit
849 4023 895 4064 Rl.
944 4023 1054 4071 neotum
1068 4023 1115 4066 ΕΙ,
1163 4024 1186 4072 g)
1200 4028 1252 4072 post

129 4079 189 4117 dem
203 4078 290 4171 RIIIII.
330 4131 353 4177 a)
367 4127 485 4169 sacerdote
499 4129 547 4172 na.
608 4128 631 4176 b)
645 4125 724 4168 cadem
738 4129 784 4171 121.
845 4131 866 4176 c)
880 4139 921 4179 per
935 4126 1036 4168 ciusdem
1051 4139 1093 4171 scr.
1107 4130 1188 4168 seriem
1202 4129 1250 4170 122.

129 4183 154 4233 d)
169 4183 364 4283 pomcinlpkssli)
379 4235 573 4284 mmmmm
587 4245 676 4273 mgnum
691 4235 737 4276 Rl,
800 4235 823 4283 b)
837 4235 893 4273 deest
907 4235 959 4285 1³15
980 4235 1120 4286 subscriptor
1133 4239 1250 4275 evertetur

127 4300 173 4340 pro
187 4290 207 4329 el
223 4299 264 4330 scr.
278 4300 300 4331 v.
314 4289 334 4326 R
343 4289 363 4331 I.
418 4290 439 4337 c)
453 4288 597 4328 obviaverint
610 4289 631 4326 Β
640 4289 659 4330 2.
713 4285 737 4334 d)
751 4292 874 4338 potuerunt
887 4289 933 4332 121.

239 4342 314 4384 XIIII.
354 4343 376 4389 a)
390 4345 426 4381 rte
440 4341 486 4384 ΕΙ.

129 4485 157 4552 1)
177 4484 222 4548 Of.
240 4483 272 4537 L.
291 4483 368 4538 Rom,
385 4484 441 4538 VIs.
459 4483 524 4536 Noc.
541 4483 601 4536 Vel.
620 4482 675 4536 ΙΙΙ.
693 4484 719 4548 4,
740 4484 765 4548 2,
783 4484 807 4549 1,
827 4489 851 4536 ct
868 4499 953 4550 aspra
973 4486 1015 4538 11.

1001 4587 1035 4643 0*
