3220 5212
335 525 371 578 40
567 521 646 577 LEX
663 521 779 579 VISIG.
798 521 1067 579 REOOESSVIND.
1103 519 1142 590 II,
1156 524 1180 589 1,
1199 523 1224 578 5.

337 709 539 770 contractuv
566 707 610 770 ad
632 705 686 771 ius
709 707 817 790 ipsius
832 706 1027 791 pervenisse
1043 705 1204 791 patuerit,
1229 701 1258 768 si
1275 699 1456 782 contingat

336 795 425 858 hecw
447 795 645 860 inordinata
666 795 826 879 relinqui,
850 815 920 859 non
944 795 988 859 ad
1011 813 1239 858 successorem
1261 789 1369 873 regni,
1396 788 1457 851 sed

336 884 381 946 ad
410 883 499 947 filios
529 883 612 949 vel¹
644 885 787 949 heredes
816 884 899 961 eius,
930 884 990 966 qui
1014 881 1230 965 conquisibit,
1261 875 1456 963 specialiter

335 972 445 1036 omnis
474 973 595 1037 eadem
623 973 855 1056 conquisitioy
881 971 1080 1057 pertinebit.
1125 970 1217 1036 Nam
1247 971 1283 1034 et
1313 968 1356 1031 de
1386 965 1456 1029 illis

334 1060 446 1138 rebus,
471 1058 596 1144 quasl'*
614 1061 732 1127 idemy
751 1062 910 1146 princeps
927 1064 1008 1126 ante
1023 1081 1169 1144 regnum
1185 1061 1246 1123 aut
1262 1077 1304 1122 ex
1319 1054 1456 1140 proprio

335 1153 396 1212 aut
426 1170 467 1214 ex
496 1149 702 1215 iustissimez
738 1151 952 1234 conquisitoa
993 1149 1184 1215 dinoscitur
1220 1146 1370 1221 abuisse‚
1410 1143 1456 1205 in·

332 1237 522 1302 rebocabili
545 1240 665 1304 ordine
689 1243 751 1304 aut
772 1240 926 1304 faciendi
955 1240 1046 1322 quod
1069 1238 1218 1303 voluerit
1248 1236 1457 1361 potestatem

333 1326 491 1405 habebit,
523 1331 585 1392 aut
615 1331 708 1394 certe
738 1329 819 1393 filiis
850 1329 923 1394 eius
953 1327 1121 1392 successio
1152 1326 1257 1410 plena
1310 1320 1456 1407 patebit.

334 1413 435 1492 Quod
458 1416 487 1480 si
510 1416 574 1479 filii
605 1417 790 1495 defuerint,
822 1415 987 1500 legitimis
1017 1416 1202 1481 heredibus
1229 1435 1271 1479 ex
1294 1412 1358 1488 his,
1391 1429 1457 1492 que

332 1503 531 1569 inordinata
545 1505 759 1589 reliquerit0,
784 1507 1014 1571 hereditatem
1037 1505 1158 1569 hadire
1174 1503 1305 1568 licebit.
1341 1499 1458 1564 Huius

332 1612 415 1656 sane
449 1592 535 1676 legis
571 1590 766 1659 sententia(l
803 1597 842 1658 in
875 1594 956 1660 solis
987 1595 1053 1659 erit
1082 1593 1277 1677 principum
1306 1588 1458 1672 negotiis

332 1680 547 1745 observanda
577 1683 690 1766 adque
720 1685 772 1747 ita
801 1684 970 1769 perpetim
999 1681 1162 1759 valitura,
1200 1685 1242 1745 ut
1272 1699 1343 1744 non
1375 1679 1458 1741 ante

332 1770 503 1852 quispiam
537 1770 662 1835 solium
696 1772 833 1855 regale⁰
873 1772 1094 1849 conscendat,
1130 1791 1235 1853 quam
1269 1765 1459 1832 iuramenti

330 1858 450 1921 federe
479 1859 570 1922 hanc
600 1859 713 1943 legem
743 1881 779 1925 se
809 1861 846 1923 in
876 1861 1034 1924 omnibus
1065 1858 1210 1943 implere
1240 1856 1425 1941 promittat
1437 1853 1458 1914 ¹.

332 1944 590 2030 Quemcumque
613 1968 694 2013 vero
723 1953 784 2013 aut
807 1969 869 2034 per
890 1949 1122 2013 tumultuosas
1153 1947 1272 2031 plebes
1304 1948 1366 2009 aut
1396 1962 1460 2026 per

332 2033 498 2098 absconsa
529 2035 693 2118 dignitati
723 2038 861 2122 puplice
889 2039 1143 2102 macinamenta
1165 2025 1355 2119 adeptumf
1383 2051 1459 2096 esse

332 2122 528 2188 constiterit
551 2126 675 2208 regnig
700 2127 844 2210 fastigia
853 2128 873 2203 ²,
898 2147 977 2190 mox
999 2127 1092 2190 idem
1109 2145 1187 2188 cum
1203 2121 1364 2187 omnibus
1383 2123 1461 2183 tam

329 2210 462 2295 nefarie
486 2206 579 2276 sibih
605 2215 901 2279 consentientibus
932 2219 968 2279 et
996 2214 1183 2278 anathema
1212 2211 1275 2276 fiat
1305 2213 1341 2274 et
1371 2207 1460 2272 chri-

329 2299 521 2364 stianorum
544 2304 820 2368 communionem
848 2304 996 2380 amittat,
1026 2306 1100 2366 tam
1128 2302 1202 2366 dire
1226 2296 1460 2385 percussionis

328 2387 463 2452 ultione
487 2390 647 2468 conlisus,
677 2395 720 2456 ut
743 2393 853 2457 omnis
877 2392 986 2455 divini
1009 2391 1138 2454 ordinis
1163 2389 1286 2464 cultor,
1319 2386 1380 2468 qui
1404 2383 1461 2446 illi

330 2478 581 2544 communicare
611 2481 849 2563 presumserit,
880 2480 984 2543 simili
1016 2500 1094 2542 cum
1123 2479 1198 2562 ipso
1230 2474 1460 2541 damnatione

329 2565 501 2648 dispereat
524 2571 560 2630 et
583 2588 674 2651 pena
695 2568 864 2632 tabescat.
910 2567 1001 2632 Nam
1024 2571 1059 2632 et
1083 2568 1111 2630 si
1135 2566 1212 2649 quis
1235 2564 1323 2646 legis
1351 2561 1461 2625 huius

327 2654 449 2718 seriem
473 2674 515 2719 ex
538 2655 654 2720 officio
685 2656 842 2740 palatino
871 2656 1032 2721 malivole
1062 2654 1278 2720 detrahendo
1301 2652 1461 2714 lacerare

326 2740 475 2806 voluerit
498 2748 559 2807 aut
583 2739 837 2809 evacuandami
868 2746 1082 2828 quandoque,
1106 2743 1163 2807 vel
1186 2742 1332 2806 silenter
1355 2737 1463 2801 musi·

325 2824 427 2894 tansk
452 2831 509 2896 vel
539 2836 659 2916 aperte
691 2832 875 2910 resultans,
911 2831 1069 2917 proloqui
1098 2833 1258 2895 detectus
1288 2826 1461 2902 extiterit,

326 2913 478 2983 cunctis1
508 2921 664 3004 palatine
696 2921 877 3003 dignitatis
900 2926 936 2985 et
959 2921 1138 2984 consortiis
1163 2921 1199 2983 et
1222 2917 1350 2981 officiis
1379 2935 1464 2978 mox

324 3008 488 3085 nudatus,
505 3009 661 3071 omnium
676 3028 793 3073 rerum
808 3029 947 3072 suarum
963 3009 1143 3071 dimidiam
1161 3009 1299 3090 partem
1315 3003 1464 3068 amittat

325 3098 360 3157 et
384 3095 421 3156 in
445 3097 613 3180 deputato
638 3096 706 3160 sibi
729 3096 805 3161 loco
827 3097 996 3174 redactus,
1029 3101 1079 3159 am
1101 3096 1211 3158 totius
1240 3093 1367 3178 palatii
1391 3111 1464 3154 ma-

323 3187 407 3246 neat
442 3185 609 3247 societate
645 3184 810 3247 seclusus.
866 3184 1059 3267 Religiosus
1095 3185 1215 3260 etiam,
1252 3181 1313 3264 qui
1350 3200 1387 3244 se
1425 3179 1465 3241 in

324 3271 447 3334 eadem
478 3270 617 3353 culpam
646 3271 850 3349 devolverit,
882 3273 985 3334 simili
1008 3293 1124 3336 rerum
1148 3270 1374 3355 proprietatis
1400 3287 1464 3332 sue

324 3358 507 3441 dispendio
532 3356 736 3420 subiacebit.

432 3582 456 3628 v)
471 3582 547 3618 tractu
561 3589 602 3620 om.
616 3579 637 3618 Β
647 3580 666 3620 1.
721 3582 751 3628 w)
764 3581 810 3620 hex
824 3582 844 3619 Β
854 3583 872 3624 1,
926 3583 950 3630 x)
964 3583 1001 3623 vel
1014 3581 1044 3622 ad
1059 3583 1080 3622 Β
1090 3585 1109 3624 1.
1164 3585 1188 3634 y)
1203 3581 1344 3631 conquisitio
1359 3603 1387 3611 -
1402 3579 1468 3621 idem

321 3645 363 3676 om.
377 3633 399 3670 Β
409 3633 429 3674 1.
507 3629 545 3682 y*)
560 3641 604 3678 que
619 3632 639 3669 R
649 3632 667 3672 2.
749 3635 769 3681 z)
788 3633 854 3674 insite
872 3645 897 3674 se
914 3635 935 3674 Β
945 3636 963 3677 1.
1044 3637 1066 3684 a)
1085 3637 1244 3684 conquesitum
1261 3636 1397 3675 conoscitur
1416 3636 1438 3675 Β
1449 3636 1468 3676 1.

321 3688 344 3734 b)
359 3695 421 3734 pena
436 3685 457 3721 Β
467 3685 486 3724 1.
549 3685 570 3731 c)
584 3683 721 3731 reliquerint
734 3686 755 3723 Β
764 3687 784 3728 1.
846 3685 870 3734 (1)
883 3688 1019 3727 sententiam
1033 3689 1054 3726 Β
1064 3690 1083 3730 1.
1151 3691 1172 3737 e)
1187 3688 1271 3738 regalis
1286 3687 1402 3728 ascendat
1417 3689 1439 3726 Β
1450 3690 1469 3730 1.

320 3736 444 3786 nuditum
458 3737 479 3773 Β
489 3737 508 3776 1.
582 3737 605 3784 g)
619 3747 715 3784 regnum
729 3738 749 3775 Β
759 3738 777 3780 1,
852 3739 875 3786 b)
893 3740 941 3779 sibe
956 3741 977 3778 Β
986 3741 1010 3790 2;
1032 3741 1081 3781 sive
1096 3742 1117 3780 Β
1126 3743 1146 3784 1.
1217 3743 1235 3789 1)
1253 3739 1402 3782 vacuandam
1417 3743 1439 3780 Β
1450 3743 1469 3782 1.

320 3791 344 3838 k)
359 3789 477 3828 munitatis
493 3788 513 3826 Β
524 3789 542 3830 1.
598 3787 615 3838 1)
629 3793 723 3828 cunctos
737 3791 757 3828 R
767 3791 786 3833 1.
840 3791 871 3842 m)
884 3802 911 3832 ac
924 3793 945 3831 Β
955 3794 973 3834 1.

321 3983 347 4049 1)
367 3981 413 4044 Cf.
428 3979 506 4058 Ooqc.
520 3979 600 4033 Tolet.
615 3980 693 4047 VIII,
713 3997 734 4034 c.
748 3983 796 4036 10:
816 3997 872 4034 non
889 3983 964 4050 prius
983 3984 1090 4052 apicem
1106 3987 1186 4056 regni
1199 3987 1305 4056 quique
1318 3988 1473 4058 percipiat,

320 4067 408 4118 quam
428 4048 553 4100 seillam
578 4053 626 4114 (sc.
647 4049 727 4116 lesem
745 4053 776 4102 de
794 4055 949 4106 successione
967 4057 998 4106 in
1015 4057 1159 4119 facultates
1176 4061 1265 4124 repis)
1292 4076 1347 4126 per
1374 4060 1476 4113 omnia

320 4118 715 4198 suppleturumviurisiurandi
733 4120 871 4174 taxatione
890 4120 1011 4179 definiat.
1069 4127 1097 4194 2)
1109 4129 1152 4192 Cf.
1164 4129 1247 4184 iota:
1266 4129 1386 4184 Abhinc
1402 4147 1475 4200 ergo

320 4194 348 4244 et
369 4189 504 4255 deinceps
524 4191 563 4240 1ta
582 4192 664 4242 erunt
681 4189 711 4241 in
729 4191 808 4257 regni
825 4191 942 4257 gloriam
959 4193 1139 4261 praeficiendi
1156 4202 1290 4268 rectores,
1317 4205 1351 4253 ut
1372 4205 1426 4254 aut
1445 4203 1477 4254 in

320 4259 498 4340 urbenregia
516 4261 573 4338 ¹aut
597 4259 646 4311 ubi
663 4259 798 4338 ‘princeps
823 4260 969 4316 decesserit
992 4281 1056 4318 cum
1078 4267 1244 4334 pontificum
1269 4271 1477 4340 maiorumque

319 4331 421 4398 palatn
447 4328 608 4382 ommmodo
629 4329 770 4409 'ehgantur
793 4346 911 4409 assensu,
937 4349 994 4386 non
1017 4335 1170 4391 forinsecus
1189 4344 1238 4393 aut
1257 4343 1478 4410 conspiratione

320 4415 481 4468 paucorum
500 4402 548 4450 aut
566 4401 733 4452 rusticarum
749 4399 872 4465 plebmm
891 4401 1018 4456 seditioso
1037 4409 1167 4464 tumultu.
