3198 5202
356 570 411 624 230
541 565 619 620 LEX
637 565 752 621 visio.
771 564 1040 622 Rnoonssvnin.
1076 565 1160 634 VIII,
1174 569 1198 633 1,
1212 568 1289 622 7-9.

358 748 517 833 publica⁰
546 748 744 825 constituti;
776 751 812 813 et
839 749 877 826 si,
906 748 998 831 quod
1023 767 1084 832 per
1106 743 1298 812 iudicium‘¹
1325 749 1476 832 recipere

357 838 536 921 potuisset,
553 838 695 901 absente
711 857 761 914 eo,
779 840 899 919 queme
916 837 1032 900 fuerat
1045 839 1285 913 conventurus,
1302 837 1475 914 invaserit,

357 919 502 990 reddatr
527 926 565 988 in
589 925 743 1010 duplum.
790 925 828 988 Si
849 945 930 989 vero
957 925 1039 988 illut
1066 919 1264 1001 invaseritf,
1296 926 1388 1009 quod
1416 927 1474 990 eig

1497 11 1591 480 l

356 1015 454 1079 nullo
487 1015 616 1078 iudicio
652 1013 852 1090 debebatur,
887 1013 1013 1078 reddat
1045 1014 1083 1076 in
1116 1014 1271 1098 triplum.
1330 1013 1367 1078 Si
1401 1014 1477 1098 quis
1590 1069 1591 1104 ,

357 1106 483 1178 autem,
516 1106 699 1186 antequam
730 1102 767 1165 in
792 1103 1047 1185 expeditionem
1077 1103 1323 1186 proficiscatur,
1355 1103 1400 1166 ad
1423 1123 1477 1167 ne
1589 1111 1591 1172 i

357 1192 490 1275 gotium
518 1192 702 1256 dicendum
732 1191 856 1255 iudicis
883 1191 992 1255 fuerit
1019 1191 1253 1255 admonitione
1278 1195 1475 1267 conventus,
1590 1199 1591 1202 ’

357 1283 418 1342 aut
441 1300 502 1364 per
526 1299 561 1343 se
585 1300 724 1344 causam
747 1279 860 1344 dicere
883 1299 953 1342 non
976 1281 1138 1354 moretur,
1163 1284 1225 1343 aut
1245 1300 1306 1363 per
1321 1280 1477 1344 mandati

356 1361 565 1452 iscripturah
585 1388 732 1452 persona
747 1367 864 1451 eligat,
889 1369 948 1452 qui
972 1367 1167 1432 adversario
1190 1389 1252 1432 suo
1275 1369 1389 1432 iudice
1405 1389 1476 1452 pre-

357 1460 453 1521 sente
486 1457 704 1542 respondeat.
759 1455 827 1535 Qui
856 1457 886 1520 si
915 1476 979 1520 nec
1008 1457 1211 1520 mandatum
1246 1458 1381 1522 dederit
1413 1477 1475 1521 nec

356 1547 563 1630 respondere
585 1545 736 1609 voluerit
760 1547 796 1609 et
819 1545 867 1609 sic
890 1545 928 1608 in
951 1545 1169 1628 expeditione
1196 1546 1374 1629 profectus
1401 1567 1475 1610 cau-

357 1653 429 1697 sam
458 1654 528 1697 non
559 1634 693 1710 dixerit,
725 1636 908 1718 postquam
936 1627 1142 1698 conventus¹
1173 1633 1282 1698 fuerit
1308 1655 1330 1697 a
1351 1635 1473 1711 iudice,
1590 1695 1591 1704 ,

355 1722 459 1786 iudex
489 1723 683 1786 adversario
714 1743 775 1786 suo
805 1742 871 1805 que
901 1721 1081 1805 repetebat
1114 1722 1234 1786 iubeat
1264 1723 1444 1787 reformari
1454 1722 1473 1784 ¹.

269 1861 271 1865 ,
357 1810 417 1873 Illi
439 1813 566 1888 tamen,
592 1811 674 1874 dum
697 1830 853 1875 reversus
876 1810 993 1887 fuerit,
1018 1811 1109 1874 actio
1131 1813 1333 1875 reservetur.

439 1979 521 2038 VIII.
552 1981 721 2036 FLAVIUS
740 1979 954 2037 GLORIOSUS
972 1979 1283 2037 REGOIISSVINDUS
1301 1980 1389 2038 REX.

357 2092 400 2156 Si
424 2093 595 2177 aliquid
618 2093 845 2158 inlicitum
869 2093 1042 2157 faciant
1064 2094 1180 2158 servi
1203 2094 1312 2170 eius,
1338 2095 1474 2177 quiin

474 2183 759 2266 expeditione
783 2185 849 2247 est
872 2182 1053 2266 publica
1076 2183 1363 2246 constitutus.

463 2288 500 2352 Si
522 2288 617 2352 illius
640 2289 738 2366 servi,
767 2289 826 2372 qui
854 2289 891 2350 in
918 2288 1058 2372 publica
1081 2289 1299 2372 expeditione
1323 2291 1376 2353 est
1399 2309 1473 2353 eon-

1589 2001 1591 2144 i

1587 2223 1591 2322 i

356 2375 509 2453 stitutus,
540 2377 577 2440 in
608 2377 724 2460 aliquo
755 2377 896 2441 crimine
925 2379 986 2439 aut
1013 2377 1148 2441 inlicito
1171 2377 1266 2441 facto
1289 2378 1470 2462 perventil
1590 2433 1591 2438 ,

356 2465 535 2528 extiterint
557 2465 613 2529 vel
637 2465 776 2542 detecti,
801 2487 822 2528 a
836 2464 950 2530 iudice
974 2466 1204 2548 corripiantur
1227 2469 1263 2530 et
1286 2466 1474 2530 secundum

355 2553 468 2637 legem
490 2554 588 2617 iuxta
611 2553 815 2636 qualitatem
839 2553 940 2638 culpe
964 2554 1140 2618 cedantur.
1177 2553 1278 2632 Quod
1302 2555 1330 2618 si
1352 2576 1406 2619 res
1430 2556 1473 2619 ad

1586 2478 1591 2550 i

356 2644 618 2725 conponendum
641 2642 697 2707 vel
720 2642 765 2705 ad
788 2643 925 2706 eosdem
949 2663 1063 2707 servos
1084 2643 1272 2707 tradendos
1294 2644 1411 2721 fuerit,
1437 2645 1473 2707 in
1497 2671 1521 2710 a.
1588 2663 1590 2722 ι

355 2723 572 2795 custodiamb
604 2734 791 2795 teneantur
814 2751 835 2794 a
857 2731 980 2808 indiae,
1012 2731 1121 2796 donec
1152 2732 1310 2795 dominus
1333 2731 1498 2797 veniens'

355 2822 417 2882 aut
433 2819 713 2902 conpositionem,
734 2819 762 2882 si
777 2819 935 2896 voluerit,
961 2819 1147 2903 adinpleat,
1173 2823 1243 2897 aut,
1268 2821 1297 2884 si
1312 2821 1471 2898 noluerit,
1588 2833 1590 2886 ἐ

313 2941 316 2948 ·
354 2927 412 2971 eos
442 2908 636 2972 evidentius
667 2908 794 2971 tradat.
846 2908 884 2972 si
912 2929 993 2972 vero
1028 2909 1155 2972 iniuste
1190 2929 1308 2972 servus
1342 2910 1472 2974 occisus

354 2995 462 3059 fuerit
497 2999 558 3059 aut
592 2996 752 3060 subditus
785 2997 971 3079 questioni,
1008 2999 1130 3060 contra
1165 2997 1280 3062 iudice
1315 2998 1472 3062 dominus

355 3085 451 3161 servi,
484 3105 562 3150 cum
592 3105 747 3150 reversus
777 3085 894 3161 fuerit,
926 3105 1064 3148 oausam
1091 3086 1204 3150 dicere
1232 3107 1302 3149 non
1325 3090 1471 3152 vetetur.

739 3254 838 3311 vnn.
868 3254 1081 3326 nrrrocna.

398 3366 458 3431 De
485 3367 568 3445 his,
598 3368 670 3452 qui
697 3368 741 3430 in
769 3367 1054 3452 expeditione
1078 3371 1232 3433 euntes
1257 3368 1429 3453 aliquid

498 3457 675 3521 auferre
698 3456 767 3520 vel
791 3457 1033 3541 depredare
1057 3461 1323 3540 presumunt.

1587 2913 1589 2974 i

461 3560 528 3640 Qui
555 3563 592 3624 in
616 3563 868 3646 expeditionem
891 3562 1033 3640 vadunt,
1065 3583 1132 3646 que
1160 3564 1368 3628 abstulerint
1394 3585 1472 3648 qua·
1586 3615 1587 3652 ,

353 3649 469 3733 drupli
497 3651 733 3716 satisfactione
761 3651 959 3716 restituant.
1007 3650 1108 3729 Quod
1131 3653 1253 3716 sinon
1276 3652 1470 3730 habuerint,
1586 3653 1587 3669 ¹

352 3739 445 3801 unde
478 3743 688 3822 conponant,
724 3759 797 3804 rem
829 3739 988 3823 simplam
1016 3740 1166 3804 reddant
1198 3745 1233 3805 et
1261 3751 1308 3807 GL
1334 3741 1474 3826 flagella

353 3826 552 3909 suscipiant.
600 3826 701 3906 Quod
729 3829 758 3892 si
784 3828 984 3892 nolentibus
1012 3829 1158 3893 dominis
1186 3829 1274 3894 servi
1297 3831 1363 3894 hoc
1385 3830 1473 3895 fece·

351 3915 433 3991 rint,
462 3935 534 3979 rem
558 3916 676 3980 ablata
698 3916 735 3979 in
758 3909 891 3980 istatub
918 3909 1109 3982 reforment
1132 3921 1168 3982 et
1191 3929 1235 3983 00
1258 3917 1398 4002 flagella
1420 3939 1472 3983 ex·
1583 3977 1585 3984 ,

352 4003 443 4066 tensi
473 4005 706 4069 sustineant0.
761 4004 867 4069 Cuius
896 4006 947 4069 rei
977 4005 1190 4071 exactionem
1220 4007 1472 4102 provinciarum
1584 4033 1585 4064 ÷

459 4178 480 4226 c)
495 4177 578 4228 pubica
592 4178 638 4218 Iil.
720 4174 743 4225 d)
761 4175 846 4216 iudicio
860 4177 964 4228 accipere
979 4188 1024 4218 aon
1038 4189 1059 4227 p.
1074 4179 1119 4220 Bi.
1201 4180 1222 4227 e)
1240 4179 1272 4217 ita
1285 4179 1317 4227 Ε,·
1339 4190 1406 4228 quam
1420 4180 1470 4228 1313
1583 4207 1585 4213 .

352 4241 396 4279 que
410 4231 459 4272 ΒΞ.
512 4227 626 4278 Oreddat
639 4251 666 4258 -
679 4230 791 4270 invaserit
807 4230 851 4273 dea.
864 4230 913 4273 132.
967 4234 989 4280 g)
1003 4231 1027 4270 in
1037 4243 1082 4280 pro
1096 4232 1118 4272 ei
1131 4232 1179 4274 132.
1235 4232 1259 4280 h)
1272 4233 1408 4282 scripturam
1422 4243 1472 4282 per·

351 4294 428 4324 sonam
443 4284 464 4323 B
473 4284 493 4325 a.
546 4285 563 4332 I)
577 4283 647 4322 fuerit
661 4293 766 4323 reversus
780 4287 906 4323 conventus
920 4283 969 4326 Bi.

458 4337 520 4377 VIII.
561 4337 583 4384 a)
598 4337 630 4374 iia
644 4336 690 4376 121.
701 4336 720 4378 a.
773 4337 797 4384 b)
811 4335 914 4377 custodiit
928 4338 977 4382 Ra.

458 4389 533 4430 VIIII.
573 4390 596 4437 a)
609 4389 666 4428 deest
679 4389 728 4432 Bt.
782 4390 805 4437 b)
819 4393 881 4430 statu
894 4391 943 4432 Ra.
998 4391 1019 4439 e)
1033 4395 1161 4431 sustentent
1174 4391 1223 4433 122.

351 4531 378 4598 1)
396 4531 438 4594 Cf.
457 4530 548 4596 Dchn,
571 4531 677 4596 ‘Weaip¹
697 4531 785 4585 stud!
800 4548 829 4600 p.
842 4533 904 4586 250.
