3198 5202
336 488 414 542 LEX
432 487 548 543 VISIG.
566 487 833 545 Rnocnssvinn.
872 489 939 556 XII,
959 496 984 558 2,
999 492 1113 546 15-17.
1233 495 1284 547 311

164 693 232 734 11011
263 670 393 734 dubieu
421 672 632 752 quamtotius
662 676 924 736 connectam-v.
971 672 1125 755 Dignum
1157 675 1285 738 etenim

166 764 246 824 estW
271 780 327 822 eos
351 760 554 841 aliquandiu
577 767 622 822 a¹
642 760 796 824 fidelium
814 761 943 824 Christi
967 763 1132 826 societate
1157 763 1284 840 divelli,

166 853 200 911 et
223 868 339 911 rerum
356 849 507 911 damnoy
527 849 679 925 multari,
704 851 763 932 qui
785 850 965 933 adponunt
983 849 1112 913 Christi
1136 872 1286 914 amorem

166 940 200 1000 et
223 938 380 1000 veritatis
405 937 553 1020 speciem
577 945 768 1000 consensuz
798 939 1015 1002 inimicorum
1044 939 1116 1002 eius
1142 941 1286 1003 detesta-

166 1025 283 1088 biliter
304 1026 536 1108 inpugnaree,
568 1026 605 1086 in
633 1019 773 1109 legumb
801 1027 1130 1110 transgressionibus
1154 1029 1216 1090 illa
1239 1029 1286 1091 in-

165 1114 340 1176 mobiliter
371 1115 563 1176 sententia⁰
592 1119 849 1197 permanente0,
883 1137 986 1198 quam
1017 1116 1094 1179 dive
1124 1117 1286 1180 memorie

166 1201 347 1264 Sisebutus
377 1223 436 1265 rex
463 1203 555 1265 visus
585 1207 636 1267 est
666 1203 703 1264 in
731 1204 929 1267 huiusmodi
957 1205 1092 1268 actione
1121 1206 1287 1287 superiori

165 1291 241 1372 lege
266 1291 442 1354 sancsisse.

366 1461 446 1516 XVI.
477 1460 644 1516 FLAVIUS
664 1461 977 1516 OHINDASVINDUS
996 1461 1083 1516 REX.

350 1574 409 1636 De
449 1573 789 1636 Iudaizantibus
830 1575 1102 1638 christianis.

274 1678 371 1741 Sicut
396 1680 592 1742 deflendum
617 1701 637 1742 a
661 1680 856 1743 christianis
880 1684 932 1744 est
948 1701 1065 1744 corum
1082 1682 1202 1758 scelus,
1227 1683 1286 1764 qui

166 1769 202 1829 in
227 1767 366 1830 Christo
397 1769 663 1850 prevaricatores
695 1769 877 1845 exsistunt,
909 1770 960 1832 ita
987 1770 1097 1832 modis
1128 1771 1286 1833 omnibus

167 1857 430 1932 decernendum,
456 1860 496 1918 ut
519 1856 637 1919 nullus
662 1857 801 1920 omnino
818 1857 953 1920 veniam
977 1861 1157 1934 mereatur,
1183 1859 1242 1941 qui
1266 1880 1286 1921 a

166 1944 300 2007 meliori
335 1945 531 2027 propositoa
568 1945 612 2008 ad
648 1946 799 2008 deterius
835 1946 1023 2010 declinasse
1060 1947 1284 2010 convincitur.

167 2031 257 2110 Quia
292 2054 373 2115 ergo
409 2033 557 2096 crudelis
593 2036 629 2096 et
663 2035 835 2116 stupenda
874 2035 1062 2117 presumtio
1103 2035 1287 2098 crudeliori

167 2121 270 2185 debet
301 2121 465 2204 extirpari
500 2122 679 2205 supplicio,
715 2123 793 2185 ideo
828 2123 914 2205 legis
950 2124 1052 2185 huius
1088 2125 1201 2208 edicto
1233 2125 1286 2187 de-

166 2210 350 2284 cernimus,
387 2213 440 2286 ut,
477 2211 683 2293 quicumque
714 2211 921 2274 christianus
957 2213 1021 2274 hac
1056 2213 1236 2295 presertim
1266 2233 1287 2275 a

167 2297 364 2361 christianis
384 2299 585 2381 parentibus
602 2303 707 2374 ortus,
733 2320 832 2362 sexus
856 2300 989 2363 scilicet
1013 2301 1200 2382 utriusque,
1227 2301 1286 2363 cir·

166 2387 392 2450 cumcisiones
424 2387 480 2450 vel
515 2407 746 2469 quoscumque
780 2388 864 2450 ritos
899 2388 1060 2451 Iudaicos
1096 2390 1286 2453 exercuisse

165 2479 346 2558 reppertus
371 2478 422 2538 est
445 2475 509 2552 vel,
542 2476 633 2557 quod
657 2476 751 2539 Deus
782 2480 925 2552 avertat,
958 2477 1110 2559 potuerit
1140 2478 1286 2540 ulterius

165 2564 341 2646 repperiri,
368 2565 620 2646 conspiratione
644 2557 699 2627 etb
720 2563 791 2627 zelo
809 2565 1058 2627 catholicorum
1073 2568 1147 2627 tam
1162 2565 1280 2628 nobis⁰

166 2655 201 2714 et
225 2652 452 2715 atrocioribus
481 2653 578 2735 penis
607 2651 765 2715 adflictus
789 2655 899 2715 morte
923 2653 1121 2736 turpissima
1144 2654 1286 2735 perima-

163 2743 231 2816 tur,
265 2761 368 2821 quam
392 2742 576 2804 orrendum
600 2745 635 2804 et
659 2741 848 2804 execrabile
872 2741 1002 2803 malum
1026 2745 1087 2816 est,
1120 2743 1211 2824 quod
1242 2741 1285 2804 ab

165 2847 204 2890 eo
237 2832 374 2891 constat
403 2829 611 2910 nequissime
642 2833 887 2912 perpetratum.
935 2829 1064 2892 Eorum
1087 2850 1166 2892 vero
1195 2829 1286 2892 bona

165 2916 230 2979 sibi
259 2917 380 3000 procul
410 2917 515 2980 dubio
544 2919 645 2980 fiscus
674 2919 878 2993 adsummat,
911 2917 939 2980 si
968 2919 1110 2981 heredes
1134 2917 1189 2981 vel
1213 2939 1285 3000 pro-

164 3005 311 3087 pinquos
345 3005 470 3067 talium
504 3025 727 3088 personarum
761 3005 848 3068 facti
882 3006 985 3068 huius
1020 3026 1113 3069 error
1148 3027 1285 3069 consen-

163 3094 282 3156 tiendo
308 3093 534 3157 conmaculet.

674 3209 769 3266 XVII.

220 3323 439 3386 Placitum
470 3323 703 3387 Iudeorum
734 3325 777 3385 in
807 3323 977 3387 nomine
1008 3323 1225 3406 principis

636 3413 812 3475 factum.

272 3517 547 3581 Clementissimo
572 3519 637 3580 hac
662 3518 875 3582 serenissimo
901 3518 1038 3580 domino
1062 3521 1179 3580 nostro
1202 3517 1284 3580 Rec-

164 3606 342 3668 cessvindo
366 3606 440 3688 regi
463 3626 579 3669 omnes
603 3627 665 3669 nos
695 3627 735 3669 ex
759 3605 905 3669 Hebreis
929 3605 1093 3670 Toletane
1124 3606 1282 3682 civitatis,

163 3695 222 3775 qui
257 3694 350 3756 infra
385 3695 588 3777 suscripturi
622 3694 677 3758 vel
712 3694 811 3776 signa
845 3695 973 3757 facturi
1008 3715 1134 3757 sumus.
1189 3694 1283 3758 Bene

162 3783 303 3863 quidem
333 3784 425 3845 haer
456 3783 546 3846 iuste
578 3776 733 3845 dudumb
761 3802 823 3845 nos
854 3783 1071 3847 meminimus
1102 3783 1284 3866 conpulsos

161 3871 278 3947 fuisse,
303 3873 345 3932 ut
368 3871 536 3953 placitum
564 3871 601 3933 in
628 3871 767 3934 nomine
797 3872 874 3934 dive
902 3873 1064 3935 memorie
1090 3871 1284 3935 Ohintilani

161 3960 251 4041 regis
276 3980 337 4042 pro
363 3959 596 4022 conservanda
623 3960 691 4023 fide
715 3960 888 4023 catholica
912 3960 1123 4024 conscribere
1149 3960 1284 4024 debere·

269 4151 292 4196 11)
308 4145 387 4187 dubiet
401 4149 447 4190 Rl.
495 4149 519 4194 v)
534 4152 682 4195 quonectetur
697 4149 743 4189 121,
791 4150 821 4196 w)
835 4149 892 4186 deest
905 4149 951 4189 121.
1001 4147 1025 4198 11)
1039 4147 1068 4187 ad
1083 4150 1129 4191 Rl.
1184 4151 1207 4199 y)
1223 4147 1284 4187 dam·

161 4212 214 4240 num
230 4203 276 4242 131.
319 4205 338 4248 z)
353 4212 486 4240 consensum
501 4202 547 4242 Rl.
588 4201 1051 4249 a)inpugnare-inmobilitereeo.122.
1092 4202 1115 4249 b)
1129 4212 1222 4250 regum
1236 4202 1283 4243 Rl.

161 4257 181 4301 c)
195 4255 333 4294 sententiam
347 4259 453 4293 manente
467 4255 514 4296 111,

269 4307 327 4348 XVI.
369 4308 433 4345 Decet
451 4308 500 4355 132,
520 4308 556 4345 ubi
574 4311 646 4344 tamen
663 4306 753 4344 rubrica
770 4306 794 4343 r'n
812 4306 881 4344 indice
898 4307 1043 4354 capitulorum
1061 4307 1099 4344 cub
1118 4317 1206 4345 numero
1221 4306 1283 4348 XVI.

160 4364 231 4398 obstat
251 4364 301 4398 ante
322 4360 431 4398 Placitum
450 4357 570 4398 Iudeorum
591 4361 665 4406 (infra
684 4371 700 4400 c.
715 4359 801 4407 XVII).
870 4361 892 4406 a)
910 4361 943 4396 ita
960 4359 1008 4401 El.
1028 4360 1080 4406 aliz]
1103 4361 1217 4408 preposito
1236 4360 1283 4401 131.

161 4414 183 4461 b)
197 4415 230 4451 ita
241 4415 263 4451 E
271 4415 289 4454 1.
305 4414 357 4460 0111)
372 4413 434 4468 poplo
445 4424 490 4461 pro
505 4416 528 4451 et
542 4413 589 4452 zelo
604 4414 650 4454 131.
705 4413 725 4457 c)
740 4412 755 4453 i.
769 4421 785 4452 c.
800 4412 873 4453 novis.

268 4466 340 4508 XVII.
381 4469 403 4514 a)
417 4477 443 4504 ac
457 4466 506 4506 132.
519 4466 567 4508 111,
621 4466 643 4512 b)
658 4465 682 4503 in
698 4465 788 4503 nomine
804 4465 851 4506 Ra.
