3264 5206
318 543 370 598 no
530 538 608 594 nux
625 538 741 595 vis1c.
760 537 1030 596 mccnssvmn.
1066 537 1119 607 vr,
1137 541 1163 607 s,
1181 540 1223 594 12.

317 721 494 807 petresse?
545 721 709 805 Ideoque,
747 721 830 804 quia
863 741 942 805 sepe
977 721 1211 805 presumtione
1247 722 1441 786 crudelium

318 811 534 876 dominorum
550 813 647 875 extra
663 810 928 875 discussioneme
946 809 1121 894 publicam
1137 830 1312 874 servorum
1325 811 1440 875 anime

317 901 543 984 perimuntur,
575 899 739 982 extirpari
770 899 870 963 decet
903 898 994 962 hanc
1024 899 1164 962 omnino
1195 897 1373 963 licentiam
1403 902 1440 963 et

317 989 421 1052 huius
449 988 535 1070 legis
564 988 606 1051 ab
635 987 794 1051 omnibus
822 987 1020 1071 perenniter
1043 986 1214 1071 adinpleri
1243 1007 1437 1064 censuram;

318 1077 459 1153 scilicet,
491 1079 532 1138 ut
561 1075 679 1140 nullus
710 1076 926 1139 dominorum
957 1076 1241 1158 dominarumque
1265 1096 1440 1140 servorum

318 1186 457 1230 suorum
481 1164 538 1229 vel
565 1164 769 1229 ancillarum
797 1185 859 1228 seu
886 1163 1188 1247 qualiumcumque
1216 1185 1440 1248 personarum

318 1257 416 1318 extra
438 1253 616 1337 publicum
638 1253 805 1316 iudicium
828 1253 1106 1336 quandoquidem
1129 1253 1258 1319 occisor
1282 1253 1408 1317 existat
1417 1252 1438 1314 ¹.

320 1342 388 1408 Sed
411 1343 440 1407 si
462 1342 534 1406 tale
557 1362 674 1406 servus
697 1341 752 1406 vel
777 1340 904 1405 ancilla
927 1361 988 1406 seu
1011 1342 1217 1424 quicumque
1238 1342 1368 1406 crimen
1384 1343 1440 1404 ad·

319 1431 459 1508 miserit,
490 1451 531 1495 ex
558 1451 625 1514 quo
652 1431 761 1514 possit
783 1430 903 1494 mortis
928 1430 1081 1494 debitam
1106 1430 1363 1495 damnationem
1387 1451 1440 1494 ex-

320 1520 442 1604 cipere,
471 1519 654 1584 confestim
682 1519 840 1583 dominus
864 1519 937 1582 eius
960 1518 1016 1582 rel
1039 1522 1218 1584 accusator
1241 1519 1348 1583 iudici
1372 1518 1441 1582 loci

318 1608 428 1685 illius,
464 1607 526 1671 ubi
559 1609 626 1672 hoc
656 1610 812 1671 exortum
842 1607 964 1684 fuerit,
1000 1610 1062 1670 aut
1097 1607 1214 1672 comiti
1243 1607 1300 1671 vel
1331 1602 1437 1671 duci(1

319 1696 496 1780 publicare
519 1717 589 1761 non
606 1695 754 1773 differat,
780 1699 815 1759 et
839 1696 972 1778 agitata
990 1696 1210 1771 discussione,
1237 1697 1319 1759 dum
1334 1697 1440 1759 mani-

318 1785 448 1850 festum
483 1785 613 1849 crimen
647 1784 813 1868 patuerit,
850 1804 911 1849 seu
947 1806 967 1848 a
1000 1785 1115 1849 iudice
1150 1784 1220 1849 sive
1252 1807 1272 1848 a
1302 1785 1440 1868 proprio

320 1874 458 1938 domino
493 1873 626 1950 mortis,
666 1893 770 1996 quam
806 1876 967 1949 meretur,
1008 1873 1217 1937 sententiam
1251 1874 1439 1957 excipiate.

320 1961 378 2024 Ita
399 1965 527 2038 tamen,
551 1963 601 2038 ut,
630 1961 659 2025 si
705 1981 803 2026 reum
825 1962 930 2026 iudex
952 1962 1107 2027 occidere
1129 1961 1290 2038 noluerit,
1320 1962 1442 2025 mortis

320 2051 393 2114 eius
422 2051 649 2114 sententiame
678 2050 814 2133 scriptis
842 2050 1015 2127 decernat,
1048 2053 1084 2114 et
1106 2054 1224 2113 utrum
1246 2051 1440 2115 interficere

321 2159 399 2203 eum
430 2138 587 2202 dominus
618 2139 704 2216 eius,
737 2159 782 2202 an
808 2139 880 2202 vite
909 2158 1081 2203 reservare
1108 2139 1271 2215 voluerit,
1302 2139 1339 2202 in
1368 2139 1440 2202 eius

320 2229 492 2311 potestate
523 2227 698 2291 consistat.
744 2226 833 2292 Sane
863 2227 893 2291 si
922 2248 1039 2292 servus
1069 2227 1124 2292 vel
1155 2228 1291 2304 ancilla,
1324 2232 1437 2290 ceusut

320 2315 485 2399 pestifero
500 2308 733 2408 resultantesh
754 2315 910 2393 dominis,
935 2336 997 2380 seu
1016 2316 1132 2400 gladio
1150 2316 1206 2380 vel
1229 2316 1344 2400 lapide
1368 2317 1440 2380 sive

321 2409 553 2488 quocumque¹
583 2404 682 2468 hictu
709 2405 887 2467 dominum
915 2405 1130 2469 dominumve
1154 2405 1361 2488 percusserit
1382 2405 1440 2469 vel

321 2495 499 2578 percutere
527 2496 671 2557 conatus
698 2493 815 2569 fuerit,
845 2495 881 2556 et
909 2493 1039 2557 domini
1062 2514 1098 2558 se
1122 2495 1299 2577 cupientes
1324 2493 1440 2558 defen-

321 2583 411 2660 dere,
443 2581 561 2646 statim
588 2582 625 2644 in
654 2575 720 2646 eok
750 2582 867 2647 furore
895 2602 1030 2647 servum
1054 2585 1115 2646 aut
1139 2582 1301 2647 ancillam
1329 2582 1439 2646 hocci-

320 2671 443 2748 derint‚
474 2669 675 2734 nullatenus
699 2671 744 2733 ad
767 2670 1040 2734 satisfactionem
1061 2672 1204 2735 tenendi
1228 2674 1310 2734 sunt
1333 2671 1439 2734 homi·

319 2760 417 2836 cidii;
449 2759 478 2822 si
507 2762 625 2823 tamen
654 2779 708 2822 res
737 2758 856 2823 taliter
886 2761 985 2842 gesta
1013 2759 1201 2843 probabilis
1224 2759 1341 2837 fuerit,
1372 2761 1439 2823 hoc

321 2851 380 2925 est,
412 2851 448 2912 et
477 2868 538 2932 per
567 2847 804 2911 testimonium
833 2847 889 2911 vel
918 2847 1151 2912 iuramentum
1181 2869 1355 2912 servorum
1382 2848 1439 2912 vel

319 2935 532 3013 ancillarum,
557 2956 642 3018 quos
665 2936 864 3000 interfuisse
888 2937 1092 3013 constiterit,
1118 2939 1153 3001 et
1173 2957 1234 3020 per
1250 2957 1439 3001 sacramen-

317 3029 393 3088 tum
417 3025 499 3100 eius,
524 3025 584 3108 qui
606 3023 693 3088 talia
711 3025 864 3108 gesserit.
899 3024 990 3088 Nam
1013 3026 1041 3088 si
1066 3045 1108 3089 ex
1123 3025 1289 3108 disposito
1305 3024 1439 3090 malitie

318 3134 453 3178 servum
476 3134 576 3176 suum
599 3113 654 3178 vel
678 3112 841 3176 ancillam
864 3133 925 3177 seu
947 3133 1059 3197 perse
1080 3113 1150 3178 sive
1173 3134 1234 3198 per
1249 3113 1439 3196 quemlibet

318 3205 415 3267 extra
437 3202 616 3285 publicum
640 3222 782 3266 examen
798 3202 953 3266 occidere
976 3203 1183 3284 quicumque
1205 3202 1436 3286 presumserit,

318 3290 486 3374 quitalia
510 3291 700 3355 dinoscitur
715 3292 930 3374 perpetrasse
953 3294 1093 3375 propter
1109 3285 1310 3354 arcendam¹
1334 3292 1437 3354 huius
1481 3346 1491 3359 .

317 3380 367 3443 rei
390 3379 623 3443 temeritatem
645 3379 805 3443 redactus
836 3379 873 3441 in
897 3379 1038 3443 exilium
1061 3379 1124 3443 sub
1148 3380 1343 3463 penitentia
1365 3401 1437 3464 per·

318 3469 427 3543 sistat,
452 3487 629 3549 quousque
645 3468 822 3543 advixerit,
848 3471 883 3532 et
905 3467 1056 3532 facultas
1080 3468 1153 3531 eius
1176 3467 1245 3531 illis
1268 3469 1435 3552 proficiat,

317 3556 441 3639 quibus
469 3555 525 3619 lex
553 3556 597 3618 ad
626 3556 827 3638 capiendam
855 3557 1084 3620 hereditatem
1106 3557 1280 3620 vicinioris
1310 3557 1437 3640 gradus

317 3643 572 3708 successionism
605 3644 768 3726 indulgit.
823 3643 890 3722 Qui
918 3665 999 3708 vero
1030 3645 1182 3710 alienum
1216 3665 1352 3711 servum
1381 3646 1436 3709 vel

318 3731 480 3796 ancillam
508 3752 549 3796 ex
577 3733 852 3797 deliberationen
879 3753 939 3797 sue
961 3733 1163 3798 volumtatis
1192 3734 1357 3798 occiderit
1379 3734 1436 3798 'vel

317 3821 544 3884 occidendum
570 3821 771 3905 preceperit,
803 3823 888 3885 duos
916 3822 1069 3886 eiusdem
1096 3823 1211 3886 meriti
1239 3843 1353 3886 servos
1377 3843 1437 3886 seu

424 4026 445 4078 c)
454 4025 594 4068 discussione
602 4028 693 4077 publica
702 4029 722 4066 R
729 4028 748 4070 2.
790 4026 813 4077 d)
826 4027 918 4068 iudici
932 4030 952 4068 Β
960 4031 978 4072 1,
1019 4031 1041 4077 e)
1051 4029 1186 4078 excipiat-
1195 4030 1332 4069 sententiam
1341 4041 1383 4073 om,
1390 4031 1410 4068 R
1417 4031 1437 4072 i.

316 4081 389 4128 slseu
403 4080 455 4130 1213
479 4082 597 4124 dcccclii.
658 4083 680 4130 g)
694 4082 789 4121 autsub
803 4082 853 4124 Ra.
913 4083 937 4130 h)
951 4084 1064 4122 resultans
1078 4084 1127 4125 aa.
1181 4083 1198 4130 i)
1212 4081 1434 4133 quodcumqueRl;

316 4135 501 4231 leptcirgplrglussllti.
555 4135 691 4184 k)eosR1.
746 4133 922 4183 l)coarceudam
936 4136 985 4178 122.
1039 4138 1069 4184 m)
1083 4136 1224 4175 successione
1239 4137 1288 4178 122.
1342 4139 1366 4185 n)
1381 4137 1439 4176 libe-1

317 4363 343 4431 1)
361 4364 402 4428 Of.
416 4364 491 4418 Coae.
504 4364 608 4431 Epaca.
628 4367 668 4430 (a.
686 4365 753 4423 517)
771 4380 792 4419 c.
810 4367 857 4419 34:
877 4361 908 4417 si
926 4364 986 4431 quis
1005 4381 1112 4417 servum
1131 4366 1273 4432 proprium
1293 4366 1351 4418 sine
1371 4382 1434 4419 con-

315 4434 436 4573 iffi}
445 4433 541 4487 iudicis
554 4433 693 4499 occiderit,
712 4435 994 4488 excommunicatione
1005 4435 1109 4488 biennii
1121 4435 1282 4490 effusionem
1295 4437 1437 4508 sanguinis
