3264 5206
327 525 379 579 198
503 521 582 576 Lux
599 519 715 577 visre.
734 518 1005 576 REGGESSVIND.
1042 518 1093 587 VI,
1112 523 1137 588 5,
1156 523 1268 576 12-14.

327 709 388 769 aut
412 705 440 768 si
463 725 534 768 non
557 703 753 780 habuerint,
777 703 870 767 unde
894 705 1101 787 conponant,
1126 703 1325 786 perenniter
1349 703 1450 767 servi·

325 794 397 857 turi
419 793 614 857 tradantur.

397 963 502 1022 ΧΠΙ.ει
535 962 704 1018 rLAvms
723 961 937 1018 GLORIOSUS
954 961 1266 1017 REGOESSVINDUS
1284 962 1372 1019 REX.

326 1077 386 1140 Ne
422 1076 561 1140 liceat
595 1095 905 1158 quemcumque
941 1095 1110 1139 servum
1139 1075 1209 1140 vel
1239 1075 1451 1139 ancillam

422 1157 714 1247 quacumqueb
748 1164 946 1248 corporis
977 1167 1101 1248 parte
1131 1166 1351 1228 truncare.

434 1271 631 1355 Superiori1
658 1271 735 1354 lege
759 1270 976 1335 dominorum
999 1271 1204 1334 indiscreta⁰
1233 1270 1375 1334 sevitia⁰
1404 1265 1447 1333 a(1

327 1354 522 1425 servorum‘l
549 1360 738 1424 occisione⁰
766 1359 987 1443 privabimus.
1034 1357 1107 1422 Nec
1131 1359 1236 1422 etiam
1264 1352 1446 1442 imaginisf

327 1449 395 1513 Dei
423 1448 687 1533 plasmationem
718 1446 926 1524 adulterent,
958 1447 1041 1510 dum
1069 1448 1105 1510 in
1135 1448 1281 1511 subditis
1306 1447 1450 1528 crudeli-

326 1540 417 1602 tates
448 1557 526 1601 suas
557 1540 726 1613 exercent,
758 1536 1035 1600 debilitationem
1059 1557 1241 1619 corporum
1268 1537 1449 1619 prohiben-

328 1628 407 1690 dam
428 1626 592 1710 oportuit.
639 1625 723 1689 Ideo
748 1625 971 1701 decernimus,
996 1628 1036 1687 ut
1060 1626 1265 1707 quicumque
1290 1626 1450 1689 dominus

328 1716 509 1798 dominare
547 1715 674 1796 absque
713 1714 836 1777 iudicis
876 1714 1130 1778 examinatione
1164 1717 1200 1778 et
1235 1713 1448 1778 manifestog

328 1803 455 1868 scelere
479 1824 575 1868 servo
599 1823 660 1866 suc
682 1802 739 1867 vel
763 1801 888 1866 ancille
916 1795 1090 1879 manumh,
1120 1795 1276 1879 nasumh,
1306 1801 1448 1880 labium,

327 1893 492 1974 linguam,
518 1911 635 1955 aurem
659 1893 764 1956 etiam
787 1890 843 1955 vel
866 1892 990 1974 pedem
1014 1891 1208 1968 absciderit,
1234 1893 1295 1954 aut
1311 1891 1450 1954 oculum

328 1980 505 2056 evulserit,
542 2000 602 2043 seu
636 2000 851 2062 quacumque
884 1984 982 2064 parte
1013 1980 1163 2063 corporis
1194 1980 1451 2042 detruncaverit

329 2072 390 2132 aut
419 2068 617 2132 detruncari
639 2068 694 2132 vel
719 2069 883 2152 extirpari
910 2069 1116 2152 preceperit,
1145 2068 1253 2132 trium
1280 2089 1451 2132 annorum

329 2157 431 2221 exilio
455 2158 518 2221 sub
542 2158 736 2240 penitentia
758 2157 926 2241 religetur
950 2161 1034 2240 aput
1058 2157 1265 2241 episcopum,
1291 2158 1328 2219 in
1353 2158 1450 2220 cuius

328 2246 501 2310 territorio
525 2248 587 2309 aut
609 2239 699 2330 ipse¹
723 2266 861 2310 manere
890 2247 951 2308 aut
973 2245 1106 2310 factum
1130 2245 1241 2309 scelus
1265 2265 1337 2310 esse
1359 2246 1450 2309 vide-

328 2338 396 2397 tur.
444 2333 590 2399 Omnem
612 2356 693 2399 vero
720 2335 926 2399 facultatem
954 2335 1070 2417 ipsius,
1103 2335 1131 2397 si
1159 2334 1248 2398 filios
1276 2334 1448 2410 habuerit,

329 2423 388 2506 qui
411 2425 529 2488 tamen
551 2445 620 2487 non
645 2417 752 2487 suntk
779 2417 933 2488 sceleris¹
965 2423 1037 2487 eius
1060 2424 1255 2506 participes,
1284 2426 1450 2486 tueantur

330 2512 441 2594 adque
471 2512 679 2594 gubernent,
715 2513 899 2589 reddituri,
932 2531 1010 2575 cum
1038 2512 1194 2589 redierit,
1230 2512 1280 2576 rei
1311 2512 1449 2575 domino

329 2601 509 2664 rationem.
556 2601 593 2666 Si
617 2605 709 2666 certe
733 2601 797 2664 filii
820 2600 968 2684 legitimi
991 2601 1175 2679 defuerint,
1202 2601 1278 2665 aliis
1302 2603 1450 2684 parenti-

329 2690 393 2753 bus
416 2690 467 2753 ita
490 2690 593 2754 iudex
616 2688 796 2753 facultatis
813 2691 886 2754 eius
902 2691 1126 2754 custodiamm
1143 2691 1346 2766 committat,
1371 2712 1450 2773 qua·

329 2778 419 2854 liter,
451 2799 529 2842 cum
557 2779 708 2854 redierit,
740 2778 782 2842 de
811 2778 914 2842 rebus
945 2779 1015 2842 suis
1043 2780 1133 2842 ratio
1163 2779 1241 2842 illi¹¹
1272 2780 1449 2843 reddatur.

330 2867 391 2930 Sin
415 2869 531 2931 autem
553 2866 673 2930 nullus
696 2867 739 2932 de
763 2868 925 2950 proximis
954 2868 1071 2944 fuerit,
1100 2868 1204 2932 iudex
1230 2869 1303 2953 ipse
1332 2889 1450 2932 curam

329 2955 481 3032 habebit,
506 2956 655 3038 qualiter
679 2959 733 3019 et⁰
755 2960 880 3019 cuncta
903 2957 1074 3038 gubernet
1093 2958 1203 3039 adque
1221 2961 1398 3021 conservet
1414 2961 1450 3021 et

330 3044 372 3108 de
397 3044 525 3108 eisdem
548 3048 669 3128 postea
690 3045 860 3108 rationem
882 3045 1017 3108 reddat.

505 3215 627 3272 xmae
660 3214 828 3270 FLAVIUS
848 3214 1161 3271 GHINDASVINDUS
1180 3215 1268 3272 REX.

400 3328 456 3392 Ut
486 3321 754 3392 homicidasb
787 3329 960 3392 cunctis
991 3328 1128 3393 liceat
1159 3349 1376 3394 accusare.

437 3434 473 3498 Si
508 3434 716 3498 homicidam
749 3434 867 3498 nullus
903 3439 1054 3512 accuset,
1094 3436 1211 3512 iudex,
1250 3456 1329 3499 mox
1361 3436 1450 3501 facti

330 3523 459 3587 crimen
482 3523 670 3606 agnoverit,
695 3522 872 3587 licentiam
888 3524 1016 3588 habeat
1033 3524 1201 3608 corripere
1218 3525 1447 3602 criminosum,

435 3711 497 3753 XIH.
538 3715 560 3760 a)
574 3713 618 3750 ΧΗ
631 3713 677 3755 Β1.
745 3713 768 3760 b)
782 3723 923 3762 quecumque
937 3714 983 3756 121.
1057 3717 1078 3762 c)
1091 3715 1106 3756 i.
1120 3714 1215 3754 servitia
1229 3713 1449 3764 cumdiscretam

329 3764 406 3803 clunia
419 3765 469 3806 Ra.
523 3763 547 3813 d)
561 3763 590 3804 ad
603 3777 720 3805 servorum
734 3767 787 3815 1223
803 3768 846 3808 der.
860 3767 907 3808 121.
957 3769 978 3814 e)
992 3768 1110 3807 occasione
1124 3769 1170 3809 121.
1225 3769 1281 3814 ι’)ίιι
1296 3768 1382 3816 magnis
1397 3769 1448 3819 Bl;

328 3818 437 3866 imagines
451 3818 501 3860 aa.
548 3820 570 3867 g)
584 3819 728 3859 manifestato
742 3820 792 3862 ΒΞ.
839 3821 862 3866 h)
876 3831 951 3869 manu,
967 3832 1023 3860 nasu
1037 3821 1083 3862 ΕΙ.
1138 3822 1154 3869 i)
1168 3832 1193 3860 re
1207 3821 1253 3863 ΕΙ,
1302 3821 1450 3868 k)sintB2.

328 3871 344 3919 l)
358 3871 497 3910 scelerieinc
512 3872 561 3913 122.
615 3874 645 3920 m)
660 3870 830 3912 custodiendam
844 3873 892 3916 122.
947 3875 971 3922 n)
985 3875 1029 3914 illIs
1044 3875 1093 3917 Ra.
1148 3876 1169 3922 o)
1183 3875 1240 3912 dccet
1253 3875 1300 3916 ΕΙ.

435 3925 510 3967 XIIII.
551 3927 573 3972 a)
587 3925 642 3964 XIII
657 3926 703 3968 ΕΙ,
757 3926 779 3974 b)
794 3925 907 3966 homIclda
921 3927 941 3965 R
950 3927 969 3968 2.

329 4064 355 4132 1)
372 4065 448 4118 Recte
465 4068 568 4118 monuit
585 4067 677 4133 Dalm,
699 4067 822 4133 ‘Kcnipe’
839 4068 881 4119 VI
885 4067 903 4134 ²,
925 4086 953 4136 p.
974 4070 1035 4135 198,
1059 4085 1085 4123 n.
1100 4071 1125 4134 7,
1152 4070 1189 4120 ad
1211 4069 1281 4120 lrcnc
1304 4069 1385 4134 lacem
1407 4085 1450 4120 rc-

328 4137 439 4200 serenda
456 4152 510 4189 esse
526 4138 613 4205 cerba,
633 4154 700 4204 quoe
716 4145 823 4191 exstant
841 4141 872 4190 ia
892 4139 967 4192 Oonc.
986 4141 1099 4194 Emerit.
1118 4143 1156 4207 (a.
1171 4141 1237 4204 666)
1256 4156 1276 4192 c.
1291 4141 1339 4194 15:
1358 4137 1389 4192 Si
1407 4155 1449 4191 re·

327 4206 395 4274 galis
419 4206 506 4274 pictas
531 4225 582 4276 pro
608 4209 696 4261 salute
721 4208 864 4261 hominum
889 4226 999 4262 suarum
1025 4210 1117 4280 legum
1143 4209 1256 4279 dignata
1281 4213 1322 4262 cst
1345 4225 1449 4277 ponere

328 4276 438 4358 decreta
460 4285 505 4334 etc.
541 4277 664 4346 Ideoque
686 4279 790 4347 placuit
812 4279 876 4333 huic
899 4285 993 4334 sancto
1017 4281 1140 4348 concilio,
1165 4284 1196 4332 ut
1220 4281 1307 4333 omnis
1328 4283 1449 4348 potestas

328 4349 487 4471 eprspopalis
509 4349 624 4430 modum
647 4365 711 4432 supe
733 4354 819 4418 ponat
840 4351 898 4433 irae
920 4368 972 4406 nec
994 4368 1045 4420 pro
1064 4351 1188 4420 quolibet
1207 4368 1318 4434 encessu
1337 4351 1450 4404 cuilibet

328 4420 638 4559 plilimppnedqqffqcpllpsqapt
649 4421 893 4547 fflfficorpom
907 4422 1095 4476 membrorum
1114 4440 1162 4476 sua
1181 4422 1352 4476 ordinatrone
1370 4439 1449 4490 prae—
