3220 5212
384 1553 594 1663 LIBER
629 1552 1071 1666 IUDIOIORUM.

9 1523 11 1572 Ι

9 1647 12 1780 Ι

413 1834 463 1889 DE
474 1845 489 1876 ²
511 1833 799 1890 INSTRUMENTIS
818 1834 1044 1892 LEGALIBUS.

538 1965 681 2028 LIBER
704 1965 920 2030 PRIMUSa

233 2090 261 2152 Ι.
282 2090 435 2154 Titulus:
459 2090 513 2154 De
537 2083 769 2172 legislatoreb.

209 2178 261 2242 ΙΙ.
281 2179 435 2242 Titulus:
460 2179 513 2243 De
536 2179 623 2261 lege.

473 2384 542 2440 Dae
564 2384 746 2440 NEGOTIIS
765 2384 987 2442 cAUSARUM.

505 2516 648 2580 LIBER
672 2515 950 2580 SECUNDUSa

233 2641 262 2705 Ι.
281 2641 434 2704 Titulus:
459 2641 512 2706 De
534 2641 708 2706 iudicibus
732 2645 767 2706 et
790 2642 962 2706 iudicatis.

210 2730 261 2793 II.
281 2729 432 2794 Titulus:
458 2730 511 2794 De
535 2750 715 2794 causarum
739 2730 895 2794 exordiis

185 2818 260 2882 ΙΙΙ.
280 2818 433 2883 Titulus:
458 2819 512 2884 Dc
535 2819 796 2884 mandatoribus
820 2822 855 2883 et
878 2819 1062 2883 mandatis.

165 2908 261 2972 ΙΙΙΙ.
281 2908 433 2971 Titulus:
458 2908 511 2973 De
534 2908 681 2972 testibus
705 2911 742 2972 et
763 2908 981 2972 testimoniis.

218 2997 259 3060 V.
280 2996 433 3061 Titulus:
459 2997 513 3061 De
536 2996 713 3081 scripturis
736 2996 894 3061 valituris
926 3001 962 3062 et
985 2997 1199 3060 infirmandis
1223 2997 1288 3062 hae

460 3085 704 3150 defunctorum
737 3084 987 3150 volumtatibus
1024 3085 1288 3150 conscribendis.

527 3422 670 3486 LIBER
692 3417 925 3486 TERTIUSd.

232 3547 261 3609 Ι.
281 3548 434 3612 Titulus:
459 3548 513 3612 De
537 3547 820 3631 dispositionibus
842 3548 1053 3632 nuptiarum.

208 3634 261 3698 II.
280 3637 433 3701 Titulus:
458 3636 511 3700 Dc
535 3636 666 3720 nuptiis
689 3636 843 3700 inlicitis

9 2429 14 2626 Ι

11 2845 13 2910 Ι

12 3197 24 3774 ι
489 3290 561 3346 Das
584 3289 729 3347 ORDINE
748 3290 969 3348 CONIUGALI.

182 3724 260 3788 ΙΙΙ.
280 3725 433 3790 Titulus:
458 3724 511 3790 De
534 3729 639 3809 raptu
660 3725 835 3808 virginum
857 3723 913 3788 vel
935 3724 1128 3788 viduarum.

161 3813 260 3878 IIII.
280 3813 433 3878 Titulus:
459 3813 512 3878 De
536 3814 726 3878 adulteriis

217 3902 259 3965 V.
279 3903 432 3968 Titulus:
457 3902 511 3966 Dc
534 3902 674 3967 incestis
696 3906 731 3966 et
748 3903 914 3986 apostatis
931 3903 1043 3984 adque
1058 3900 1289 3965 masculorum

459 3991 749 4056 concubitoribus.

193 4079 259 4144 VI.
279 4079 433 4144 Titulus:
458 4079 512 4145 De
536 4080 691 4144 divortiis
711 4080 912 4164 nuptiarum
936 4083 971 4144 ct
995 4079 1138 4143 discidio
1154 4098 1289 4164 sponso-

458 4173 572 4232 ruml.

276 4394 394 4442 [acceptio
408 4394 501 4434 LIBER
514 4393 697 4436 IUDIGIORUM
712 4398 782 4434 cantat
795 4395 819 4432 in
832 4393 878 4434 solo
893 4395 963 4432 codice
976 4395 997 4432 Β
1008 4395 1026 4438 1,
1079 4395 1101 4441 a)
1115 4394 1151 4434 De
1165 4414 1191 4423 -
1204 4393 1289 4442 primus

158 4450 208 4492 du.
222 4447 245 4487 B
255 4448 275 4490 1.
343 4447 366 4497 b)
380 4447 532 4497 legislatorem
545 4449 566 4486 Β
576 4451 595 4492 1.
659 4448 680 4500 c)
693 4448 729 4488 De
743 4469 768 4478 -
783 4445 895 4488 secundus
910 4448 953 4490 des.
967 4448 987 4486 Β
998 4449 1017 4490 1.
1081 4445 1105 4496 d)
1118 4449 1153 4487 De
1167 4467 1194 4476 -
1208 4447 1289 4487 toruus

158 4504 208 4545 des.
221 4501 244 4541 B
255 4502 275 4543 1.
330 4502 351 4550 e)
365 4512 498 4551 sponsarum
512 4502 532 4540 Β
542 4501 562 4544 2.
