3198 5202
316 530 369 583 sos
440 526 518 581 unx
537 525 652 582 vrsrc.
671 525 940 583 xrcoxssvnro.
977 527 1233 596 vuu‚1,1r.1s;
1252 531 1316 595 2,1.

316 709 465 793 accipiat
487 709 713 791 flagellorum.
757 708 909 788 Quodsi
932 731 1001 774 non
1025 710 1274 794 presentaverit
1297 710 1435 774 ubscon·

316 817 379 875 sos,
405 818 538 881 penam,
564 818 666 880 quum
690 798 744 860 illi
766 798 997 875 merebuntur,
1022 800 1178 863 incurrat
1189 798 1209 860 1.

696 932 808 988 XVIII.
839 932 1052 1002 ANTIQUAs.

315 1027 369 1091 Ut
392 1027 513 1091 iudex
534 1048 621 1091 cum
642 1027 827 1091 omnibus
850 1027 984 1104 rebus,
1010 1049 1098 1092 cum
1120 1027 1267 1111 quibus
1291 1027 1435 1111 fugiti-

315 1137 409 1179 vum
432 1117 669 1192 invenerit,
695 1116 867 1179 domino
891 1109 1174 1181 advenientib
1194 1119 1433 1200 presentet.

422 1222 474 1298 Id,
499 1223 591 1305 quod
614 1223 718 1286 iudex
741 1225 827 1306 aput
849 1243 945 1286 reum
968 1222 1024 1288 rel
1047 1222 1234 1306 fugitivum
1253 1223 1433 1299 invenerit,

315 1312 457 1375 absente
480 1331 530 1386 eo,
555 1311 616 1393 qui
637 1331 735 1376 reum
758 1311 832 1375 vel⁰
853 1311 1041 1394 fugitivum
1064 1311 1291 1395 persequitur,
1317 1311 1434 1374 comiti

315 1400 465 1463 civitatis
480 1400 642 1463 ostendet
665 1403 701 1463 et
723 1399 771 1463 sic
788 1402 873 1483 uput
889 1419 925 1464 se
940 1400 1098 1477 retineat,
1124 1399 1165 1476 ei,
1190 1400 1248 1482 qui
1272 1399 1431 1482 perdidit,

315 1509 393 1552 cum
416 1488 578 1565 adiuerit,
603 1487 811 1552 redditurus.

337 1700 385 1762 II.
409 1699 622 1764 TITULUS:
658 1700 722 1763 Du
753 1700 848 1778 HIS,
881 1699 966 1779 QUI
995 1699 1060 1763 AD
1092 1699 1283 1763 BELLUM
1312 1699 1411 1765 NON

431 1805 626 1871 VADUNT
648 1805 742 1870 AUT
766 1806 828 1870 Du
853 1805 1003 1871 BELLO
1026 1804 1309 1870 REFUGIUNT.

407 1931 436 1993 I.
472 1930 509 1994 Si
539 1930 603 2007 hii,
637 1930 696 2013 qui
728 1930 895 1996 exercitui
923 1930 1089 2014 prepositi
1119 1933 1214 2006 sunt,
1246 1931 1433 1994 commodis

474 2019 647 2103 corrupti³
667 2018 817 2101 aliquem
837 2020 880 2083 de
896 2019 1150 2103 expeditionem
1166 2019 1305 2082 domum
1321 2019 1433 2083 redire

473 2107 692 2191 permiserint
714 2107 769 2170 vel
793 2128 814 2170 a
837 2108 995 2171 domibus
1019 2107 1110 2172 exire
1132 2127 1202 2170 nou
1223 2106 1387 2190 cogerint.

388 2196 436 2259 II.
473 2195 510 2259 Si
533 2196 754 2279 conpulsores
778 2196 946 2261 exercitus
970 2195 1111 2277 aliquid,
1138 2196 1221 2258 dum
1243 2196 1432 2260 exercitum

473 2285 518 2347 ud
533 2287 663 2348 ostem⁸
684 2284 894 2368 conpellunt,
921 2285 962 2348 de
987 2284 1145 2348 domibus
1161 2304 1279 2348 eorum
1295 2283 1431 2348 auferre

473 2373 728 2457 presumserint.

367 2461 436 2524 ΙΙΙ.
473 2461 510 2524 Si
539 2462 705 2585 preposliti
735 2462 905 2526 exercitus
934 2461 1057 2525 relicto
1089 2460 1181 2524 bello
1217 2461 1261 2524 ad
1292 2462 1431 2529 domum

471 2571 508 2615 re
576 2549 648 2614 ‘unt
679 2597 686 2610 .

346 2638 437 2702 IIII.
473 2551 698 2722 Sifbibpositi
721 2638 891 2702 exercitus
915 2641 976 2702 sut
998 2638 1121 2702 relicta
1141 2637 1359 2722 expeditione
1376 2637 1430 2701 do·

472 2748 566 2790 mum
581 2727 746 2792 redeunt³
768 2731 829 2790 eut
852 2726 937 2790 ulios
958 2727 1049 2791 exire
1065 2727 1204 2790 minime
1221 2725 1429 2809 conpellunt.

393 2815 434 2879 V.
471 2815 508 2878 Si
538 2815 758 2899 conpulsores
793 2815 963 2880 exercitus
998 2815 1164 2880 beneficio
1198 2817 1341 2898 accepto
1374 2813 1430 2877 sli-

472 2908 593 2987 quema
622 2904 694 2968 sine
718 2903 915 2987 egritudine
946 2902 1039 2967 domi
1068 2902 1173 2967 istsre
1203 2899 1429 2986 permiserint

373 2993 435 3055 VI.
471 2993 524 3057 De
558 2992 626 3069 his,
667 2993 726 3075 qui
765 3013 918 3058 annonas
956 2991 1210 3055 distribuendus
1245 2991 1428 3075 accipiunt,

469 3081 545 3145 vel⁰
573 3081 735 3144 fraudare
761 3074 1019 3164 [presumunt⁰].

354 3169 436 3233 VII.
471 3166 582 3250 Quam
605 3169 796 3234 mercedem
821 3169 968 3253 accipiat
991 3170 1051 3251 qui
1073 3168 1245 3252 mancipis
1260 3168 1316 3231 vel
1336 3181 1430 3250 quas-

471 3257 582 3321 libet²¹
609 3277 663 3321 res
688 3258 730 3322 de
754 3278 860 3321 manu
882 3257 966 3321 ostis
989 3257 1185 3321 excusserit.

736 3392 760 3448 1.
791 3391 1005 3461 Axrrouna.

312 3487 355 3550 si
382 3479 485 3563 hiib,
517 3487 589 3569 qui
617 3487 837 3551 exercitui
864 3487 1085 3571 prepositi
1109 3489 1225 3563 sunt,
1255 3505 1429 3550 commo-

312 3576 377 3638 dis
409 3576 609 3659 corrupti
645 3575 833 3658 aliquem
865 3575 913 3638 de
944 3575 1229 3658 expeditione
1265 3575 1429 3638 domum

311 3663 456 3728 redire
491 3663 776 3746 permiserint
805 3663 874 3728 vel
904 3683 924 3726 a
955 3663 1152 3727 domibus
1188 3662 1278 3726 suis
1312 3662 1428 3726 exire

692 3773 775 3816 non
806 3753 1044 3836 coegerint.

419 3856 476 3920 Si2
498 3857 680 3921 thiuiadus
704 3856 879 3940 abaliquo
903 3858 945 3922 de
966 3857 1102 3921 tbiuie⁰
1124 3877 1186 3920 sus
1200 3858 1308 3920 fuerit
1331 3856 1429 3920 bene·

311 3945 389 4009 ficio
421 3948 615 4029 corruptus,
652 3949 692 4008 ut
727 3966 806 4010 eum
841 3947 885 4010 sd
920 3947 1060 4010 domum
1090 3966 1187 4009 suurn
1216 3945 1328 4010 redire
1359 3963 1429 4028 per·

417 4082 501 4124 xvln.
542 4084 564 4129 a)
578 4083 634 4120 deest
648 4082 697 4124 132.
751 4083 774 4130 b)
787 4079 926 4122 adveniente
939 4083 988 4125 122.
1042 4085 1063 4130 c)
1077 4086 1117 4122 aut
1130 4082 1180 4124 Μ.

417 4135 474 4176 ΤΙΤ.
489 4135 519 4176 ΙΙ.
560 4137 582 4184 a)
596 4135 681 4184 reliquo
694 4135 795 4174 rubricae
804 4147 863 4183 pars
876 4137 932 4175 decet
945 4136 995 4178 Rs.
1052 4136 1075 4182 b)
1090 4133 1200 4175 reducent
1214 4135 1262 4177 132.
1317 4137 1338 4182 c)
1352 4134 1388 4173 vel
1402 4133 1428 4176 fr.

310 4192 443 4236 presumunt
456 4189 499 4230 des.
514 4189 565 4238 1213
579 4193 713 4236 presumunt
726 4189 782 4228 deest
795 4189 861 4228 oriam
875 4190 895 4228 R
904 4189 923 4231 2.
1418 4213 1419 4216 =

417 4241 435 4283 1.
476 4241 631 4288 uomens.
686 4242 921 4292 morannum.
976 4237 1381 4292 ursusxxnsnnrundaxr.

313 4345 338 4412 1)
356 4345 398 4410 Of.
411 4346 444 4399 L.
457 4346 517 4398 Rib.
532 4347 584 4408 7&-
603 4346 667 4413 cop.
683 4362 734 4414 per
746 4349 841 4399 missos
858 4349 963 4413 coquito
982 4347 1106 4411 focicrsdu
1124 4363 1145 4401 c.
1158 4349 1184 4412 2,
1205 4347 1270 4415 Gap.
1283 4346 1307 4411 I,
1324 4363 1352 4413 p.
1364 4345 1429 4405 rot·

311 4417 448 4483 Brunner,
465 4417 509 4471 ‘D.
522 4417 593 4470 Ro!
611 4416 651 4481 II,
667 4434 697 4483 p.
711 4419 772 4475 57⁹.
826 4418 854 4484 2)
871 4419 917 4470 Ad
935 4418 982 4470 boo
999 4424 1079 4485 caput
1096 4424 1120 4470 ct
1137 4420 1272 4486 wacceio
1289 4419 1323 4482 of.
1337 4417 1427 4480 Dabo,

313 4487 435 4553 ‘Koniye'
452 4487 516 4552 W,
535 4505 563 4555 p.
577 4489 629 4543 208
641 4503 696 4554 sqq.
