3218 5202
320 507 354 560 76
524 503 601 558 LEX
620 502 735 559 visle.
756 501 1024 558 REOOESSVIND.
1061 499 1100 568 H,
1119 504 1145 568 4,
1166 506 1189 558 7.
1209 505 1234 558 8.

318 688 472 751 monium
496 686 619 761 dicere,
649 688 788 748 tantum
810 685 864 747 illi
888 688 1069 769 conponat,
1101 703 1203 768 quem
1229 705 1290 768 per
1312 683 1439 749 falsam

317 776 597 840 testificationem
628 772 819 837 conabatur
848 774 1007 838 addicere
1038 773 1094 837 vel
1125 774 1303 848 damnare,
1335 793 1438 856 quan·

317 869 403 940 turn,
429 865 457 927 si
477 864 585 927 iuste⁰
604 882 683 926 eum
699 857 922 938 obtinuissed,
947 865 1102 946 poterate
1121 862 1163 926 de
1178 862 1312 926 istaut
1323 861 1380 926 vel
1396 863 1438 926 de

317 953 419 1016 rebus
444 953 516 1016 eius
540 951 730 1033 adquirere.
778 950 814 1014 Si
839 970 918 1014 vero
940 951 1050 1027 testis,
1075 951 1278 1034 simpliciter
1301 949 1344 1014 ab
1369 950 1438 1014 alio

319 1042 363 1106 ad
386 1041 622 1104 testimonium
646 1040 823 1114 invitatus,
853 1039 940 1103 false
966 1043 1084 1103 contra
1108 1039 1298 1122 ingenuum
1326 1039 1438 1121 adque

319 1129 482 1194 libertum
515 1128 701 1192 testificare
732 1128 932 1203 dinoscitur,
967 1127 1117 1210 qualiter
1151 1147 1211 1211 per
1241 1128 1314 1192 eius
1343 1128 1438 1192 testi-

318 1219 471 1281 monium
495 1218 532 1281 in
548 1218 713 1281 servitute
729 1218 873 1299 quisque
889 1216 1142 1291 humiliaretur,
1167 1220 1202 1280 et
1225 1220 1343 1280 tamen
1366 1216 1437 1292 ille,

317 1307 377 1389 qui
399 1310 524 1370 testem
545 1305 700 1390 protulit,
727 1306 882 1369 conscius
897 1304 1031 1368 fraudis
1047 1305 1149 1368 huius
1165 1324 1235 1368 non
1251 1305 1436 1380 invenitur,

316 1395 410 1459 solus
425 1395 524 1458 testis
548 1395 620 1478 ipse
637 1394 802 1477 superiori
826 1393 1006 1468 sententia,
1031 1394 1068 1456 id
1084 1397 1145 1468 est,
1171 1392 1260 1457 sicut
1283 1393 1353 1470 ille,
1379 1392 1438 1475 qui

316 1487 441 1548 testem
466 1483 509 1546 ad
532 1482 660 1546 falsum
682 1482 919 1546 testimonium
942 1482 1151 1565 provocabit,
1183 1482 1224 1557 ei,
1249 1501 1352 1564 quem
1375 1502 1438 1545 suo

316 1572 515 1636 testimonio
539 1571 695 1654 decipere
718 1563 900 1646 volueritf,
932 1570 1099 1634 obnoxius
1125 1574 1280 1646 maneat;
1312 1571 1363 1633 ita
1384 1573 1436 1647 ut,

318 1661 346 1724 si
369 1681 439 1724 non
463 1659 624 1723 habuerit
654 1660 746 1723 unde
771 1663 952 1743 conponat,
984 1660 1021 1721 in
1051 1662 1223 1743 potestate
1254 1659 1327 1723 eius
1358 1679 1439 1722 aum

317 1750 362 1820 id,
393 1750 483 1830 quod
507 1748 634 1812 habere
658 1748 804 1823 videtur,
834 1749 1031 1831 perenniter
1055 1749 1243 1811 serviturus
1265 1749 1437 1810 tradatur.

318 1837 361 1900 Id
391 1840 508 1900 autern
539 1841 574 1899 et
602 1837 644 1899 de
668 1835 737 1899 illis
762 1837 976 1900 decernimus
1004 1836 1265 1911 observandum,
1296 1836 1365 1918 qui,
1397 1841 1438 1898 ut

317 1945 430 1989 servos
466 1925 596 1988 alienos
632 1925 676 1988 ad
711 1924 908 1989 libertatem
938 1925 1180 2008 perducerent,
1217 1927 1278 1988 aut
1307 1924 1438 1988 falsum

317 2013 554 2078 testimonium
585 2013 709 2077 dixisse
739 2013 991 2096 repperiuntur,
1024 2017 1085 2076 aut
1109 2033 1184 2076 earn
1207 2013 1437 2077 intentionem

318 2102 455 2166 adibere
487 2103 602 2165 conati
632 2106 722 2176 sunt,
754 2106 794 2164 ut
824 2102 867 2165 ab
891 2103 939 2165 eis
963 2103 1139 2185 provocati
1162 2122 1223 2184 per
1246 2121 1366 2165 eorum
1388 2101 1438 2165 in·

317 2191 508 2254 stantiamg
541 2191 585 2253 ad
616 2191 841 2272 ingenuitatis
877 2190 1076 2255 libertatem
1109 2190 1266 2254 indebita
1296 2194 1437 2274 possent

317 2279 535 2362 aliquatenus
559 2278 784 2342 insultatione
807 2279 933 2343 venire.

377 2465 459 2522 VHI.
490 2467 658 2522 FLAVIUS
677 2467 912 2522 (iLORIOSUSa
933 2466 1264 2522 REGCESSVINDUSa
1287 2465 1374 2522 REX.

317 2598 366 2659 In
405 2596 560 2679 quibus
601 2597 744 2661 causis
783 2599 955 2680 possint
992 2589 1269 2660 testiiicarib
1308 2597 1433 2661 servi.

423 2720 523 2800 Quod
554 2721 726 2784 hutilitati
755 2721 944 2784 multorum
972 2724 1024 2785 est
1053 2741 1251 2803 congruum,
1282 2741 1352 2784 non
1383 2724 1435 2784 est

315 2815 431 2874 nostre
455 2809 540 2893 legis
558 2812 696 2874 decreto
712 2811 1050 2893 pretermittendum;
1076 2814 1138 2874 ne⁰
1158 2813 1257 2874 tanto
1274 2809 1434 2892 cuiquam

315 2902 434 2983 pateat
464 2900 611 2962 nocendi
640 2893 839 2974 facillitasd,
872 2902 1000 2980 quanto
1030 2899 1119 2961 nihil
1143 2902 1235 2962 essee
1264 2902 1365 2982 putat
1393 2918 1434 2962 ex

314 2988 391 3070 lege
414 2988 506 3070 quod
529 2990 672 3052 metuat.
709 2986 797 3066 Quia
821 3006 902 3069 ergo
926 2986 1128 3050 multotiens
1151 2987 1243 3049 inter
1265 2988 1433 3070 ingenuos

313 3077 508 3159 repperitur
525 3081 642 3140 exorta
659 3069 791 3150 cedesf,
817 3079 852 3139 et
872 3075 1012 3138 nullusg
1031 3076 1149 3139 adesse
1168 3076 1348 3158 ingenuus,
1373 3076 1432 3158 qui

315 3165 407 3228 cedis
430 3165 537 3248 ipsius
561 3164 749 3247 patefaciat
776 3165 953 3228 evidenter
976 3163 1097 3240 scelus,
1129 3164 1224 3238 adse,
1256 3165 1285 3228 si
1314 3164 1432 3227 nullus

314 3254 543 3335 ingenuorum
565 3252 726 3329 adiuerit,
759 3252 852 3317 credi
876 3253 980 3316 servis
1004 3245 1220 3316 omnimodoh
1248 3252 1430 3336 oportebit,

312 3346 362 3418 ut,
387 3341 536 3423 qualiter
559 3341 650 3404 inter
669 3360 725 3404 eos
750 3342 839 3404 cesio
861 3341 957 3404 facta
980 3342 1184 3417 constiterit,
1210 3342 1349 3424 agnosci
1372 3341 1431 3404 eis-

313 3430 391 3494 dem
429 3429 697 3492 testificantibus
735 3430 853 3512 possit.
911 3429 1039 3494 Verum
1073 3430 1154 3512 quia
1188 3433 1223 3493 et
1257 3430 1431 3494 interdum

312 3518 444 3582 iustitie
469 3518 620 3600 cognitio
645 3519 787 3600 deperit,
820 3519 902 3581 dum
932 3518 1160 3600 ingenuorum
1189 3519 1339 3601 dignitas
1370 3521 1431 3581 aut

312 3599 431 3688 longei
469 3607 581 3689 posita
616 3609 676 3669 aut
714 3607 755 3669 de
793 3607 946 3690 proximo
984 3608 1105 3689 ignota
1140 3607 1310 3683 consistit,
1345 3611 1430 3670 tunc

312 3695 404 3758 credi
428 3695 642 3778 permittitur
665 3695 778 3770 servis,
810 3716 889 3759 cum
918 3695 1060 3778 ingenui
1089 3695 1290 3759 nullatenus
1314 3695 1430 3758 adiue-

310 3785 391 3859 rint,
416 3785 475 3866 qui
500 3787 560 3846 aut
576 3777 706 3846 vicinik
733 3784 811 3860 sint,
837 3788 898 3847 aut
922 3785 964 3847 de
987 3804 1033 3860 re,
1059 3805 1127 3867 qua
1150 3785 1274 3866 agitur,
1299 3785 1430 3867 cogniti

311 3872 516 3935 habeantur.
562 3871 663 3936 Oerte
686 3866 767 3936 nec¹
791 3874 833 3936 de
858 3872 933 3936 aliis
958 3873 1067 3936 causis
1091 3892 1155 3936 nec
1179 3873 1221 3936 de
1244 3871 1429 3936 maioribus

312 3980 384 4025 esse
415 3960 480 4024 sibi
511 3961 720 4024 credendum
750 3961 859 4024 scient
868 3967 901 4038 ¹¹¹,
936 3961 1004 4024 nisi
1037 3962 1079 4025 de
1109 3961 1259 4024 minimis
1294 3960 1429 4043 quibus-

417 4169 564 4216 c)iuxteR1.
606 4167 629 4219 d)
643 4169 675 4206 ita
686 4170 732 4211 Rl.
742 4169 761 4212 2.
776 4169 821 4214 Vb,
836 4170 935 4218 quamuis
948 4169 1084 4208 obtinuisset
1098 4170 1249 4216 separaveris,
1291 4172 1312 4217 e)
1324 4173 1430 4218 potuerat

310 4219 338 4260 de
353 4225 413 4261 statu
428 4222 477 4263 122.
530 4223 594 4270 otta
609 4223 654 4264 121.
669 4223 719 4272 1313
739 4222 811 4262 voluit
827 4222 874 4264 ΒΞ,
928 4225 951 4272 g)
964 4223 1073 4262 instantia
1087 4227 1127 4261 sut
1142 4223 1154 4264 i.
1169 4223 1215 4264 ΕΙ.

416 4275 479 4316 VIII.
519 4278 541 4324 a)
553 4277 585 4314 ita
599 4273 1225 4326 121.V2;chindasvindusprogl.1t.Rana
1245 4275 1358 4324 inscriptio
1372 4277 1429 4314 deest

310 4328 357 4370 Ea
372 4328 421 4378 1⁷33
437 4328 562 4376 Antiqua
577 4329 621 4371 Vb.
666 4329 689 4375 b)
706 4327 827 4368 testificare
842 4329 890 4370 Ra.
932 4331 952 4378 c)
967 4339 1009 4369 nec
1023 4334 1087 4368 tanto
1102 4329 1183 4377 cuique
1199 4330 1280 4378 pltl.
1321 4327 1345 4375 d)
1359 4328 1429 4367 facul-

310 4386 343 4420 tas
358 4382 406 4424 Ra
460 4385 482 4430 e)
496 4383 552 4421 deest
567 4383 612 4424 121.
672 4382 692 4430 f)
706 4380 804 4422 sedisset
813 4392 858 4430 pro
873 4379 939 4422 cedas
955 4387 978 4422 at
992 4383 1040 4424 aa.
1100 4384 1122 4430 g)
1137 4383 1210 4421 nullos
1224 4393 1245 4423 a.
1258 4382 1367 4430 ingenuos
1382 4382 1428 4424 ΕΙ.

308 4435 333 4483 h)
346 4436 379 4472 ita
392 4435 424 4484 E,-
438 4435 528 4474 omnino
543 4436 594 4483 1313
610 4433 754 4474 omnismodis
769 4435 817 4476 122.
872 4435 888 4483 i)
902 4436 926 4474 in
940 4434 1006 4484 longe
1021 4437 1067 4479 1³1.
1121 4435 1323 4483 moriantur.
1378 4434 1394 4483 l)
1409 4435 1429 4474 si

309 4494 332 4528 et
341 4499 459 4537 perperam
469 4499 513 4538 pro
528 4499 569 4528 nec
584 4489 629 4529 ΕΙ.
684 4487 714 4539 m)
729 4488 802 4528 sciens
816 4489 837 4527 B
846 4489 865 4530 2.
