3264 5206
385 495 463 550 Lex
480 495 595 553 VISIG.
615 495 883 552 Reconssvlnn.
921 496 957 567 V,
977 500 1001 564 6,
1021 501 1050 566 6;
1071 502 1095 554 7.
1249 501 1301 554 167

181 679 347 744 obnoxius
374 673 445 744 sicf
471 679 515 744 ab
538 681 604 744 hac
628 680 705 744 luce
729 680 932 758 discesserit,
961 683 1002 743 ut
1031 680 1073 745 de
1101 681 1171 745 suis
1199 681 1301 745 rebus

180 768 269 830 nihil
291 768 451 832 videatur
475 768 693 853 aliquatenus
717 769 902 845 ordinasse,
930 769 1114 853 propinqui
1138 769 1220 846 eius,
1245 769 1302 834 vel

180 857 239 940 qui
269 856 475 921 facultatem
504 858 611 942 ipsius
642 857 792 922 adierint
820 861 882 921 aut
904 858 1129 942 possederint,
1160 859 1302 942 petitori

180 947 222 1010 de
250 944 367 1010 revel
391 966 539 1024 causam,
570 957 674 1029 quam
701 947 839 1030 repetit,
872 947 1017 1030 cogendi
1046 949 1129 1010 sunt
1158 946 1301 1011 reddere

179 1035 364 1112 rationem;
395 1035 447 1099 ita
468 1038 519 1112 ut,
551 1035 580 1098 si
609 1034 680 1112 ille,
711 1034 771 1117 qui
798 1034 934 1099 debitor
963 1039 1025 1099 aut
1054 1035 1300 1119 presumtiosus

181 1122 308 1187 dicitur
332 1124 495 1201 extitisse,
525 1122 615 1187 nihil
637 1143 752 1188 rerum
776 1143 915 1187 suarum
938 1124 1086 1188 moriens
1111 1124 1302 1187 dinoscitur

179 1211 367 1295 reliquisse,
392 1212 436 1276 ab
453 1213 546 1276 omni
562 1212 736 1276 calumnia
753 1213 943 1296 repetentis
966 1213 1040 1277 eius
1063 1212 1127 1276 filii
1150 1211 1205 1276 vel
1228 1233 1301 1296 pro·

179 1301 301 1384 pinqui
324 1300 520 1365 habeantur
542 1301 711 1365 inmunes.
758 1299 820 1365 sin
843 1304 960 1366 autem
983 1301 1223 1384 quodcumque
1247 1301 1301 1365 de·

179 1389 323 1453 functus
345 1389 504 1472 reliquid,
529 1393 565 1454 et
588 1390 698 1453 maius
722 1392 783 1466 est,
808 1390 901 1472 quod
923 1390 1065 1473 petitur,
1091 1410 1194 1473 quam
1210 1391 1302 1472 quod

179 1477 409 1560 relinquissog
434 1479 581 1555 videtur,
613 1479 642 1542 si
665 1477 729 1541 filii
752 1479 825 1542 eius
849 1481 910 1542 aut
934 1479 1126 1563 propinqui,
1157 1481 1218 1542 aut
1241 1478 1301 1560 qui

181 1567 254 1631 eius
278 1567 455 1651 possident
478 1567 578 1644 bona,
602 1566 779 1631 noluerint
801 1587 863 1651 pro
886 1559 1047 1631 reatumll
1072 1567 1145 1631 eius
1167 1566 1223 1630 vel
1248 1567 1301 1630 de·

182 1654 254 1718 bito
285 1655 493 1732 satisfacere,
526 1656 568 1720 de
596 1655 699 1720 rebus
723 1675 743 1719 a
766 1655 932 1720 defuncto
961 1656 1107 1719 dimissis
1134 1676 1206 1719 non
1234 1675 1301 1718 mo·

180 1747 301 1808 rentur
323 1743 458 1827 petenti
480 1744 596 1809 facere
620 1744 808 1809 cessionem
818 1743 840 1805 ¹.

180 2008 262 2074 VII.
280 2008 494 2073 TITULUS:
528 2009 591 2072 DE
620 2007 962 2074 LIBERTATIBUS
990 2008 1049 2072 ΕΤ
1076 2007 1300 2073 LIBERTIS.

330 2150 360 2214 I.
395 2150 433 2215 δί
447 2151 621 2235 mancipia
640 2151 711 2216 sive
729 2170 791 2236 per
806 2151 1012 2235 scripturam
1028 2170 1089 2215 seu
1104 2170 1164 2234 per
1177 2153 1303 2214 testem

395 2239 727 2304 manumittantur⁸.

308 2327 358 2408 II.
395 2327 432 2392 si
454 2322 627 2393 alienumb
648 2348 783 2392 servum
797 2327 853 2392 vel
870 2320 1070 2392 communel
1090 2327 1301 2410 mancipium

395 2418 672 2482 manumittatur.

288 2505 358 2569 III.
395 2505 448 2570 De
471 2506 535 2582 his,
560 2507 619 2589 qui
642 2525 678 2570 se
701 2504 828 2570 liberos
851 2504 1140 2589 proclamaverint
1164 2523 1247 2568 esse.

268 2593 359 2658 IIII.
396 2593 432 2658 δί
456 2595 500 2658 ad
523 2595 702 2659 servitium
724 2597 901 2678 repetatur
924 2594 984 2677 qui
1006 2593 1044 2656 in
1064 2591 1225 2656 libertate
1250 2596 1301 2656 est

396 2683 616 2748 constitutus.

318 2771 358 2836 V.
395 2771 432 2836 si
448 2772 489 2848 ei,
515 2773 574 2854 qui
592 2771 637 2836 ad
652 2772 838 2836 servitute⁰
858 2770 1066 2854 repetendus
1083 2772 1144 2846 est,
1170 2768 1302 2851 aliquid

396 2859 585 2924 auferatur.

297 2948 359 3012 VI.
395 2949 432 3012 δί
455 2969 543 3026 eum,
569 2969 671 3032 quem
687 2948 811 3031 aliquis
835 2967 949 3011 coram
964 2939 1134 3010 iudicem(l
1153 2944 1301 3009 liberum

396 3057 468 3102 esse
485 3037 619 3114 dixerit,
644 3040 764 3122 postea
786 3037 824 3100 in
841 3036 980 3101 servitio
995 3037 1151 3119 repetere
1168 3033 1300 3098 vellite.

277 3125 359 3190 VII.
396 3125 433 3190 si
455 3127 579 3191 timore
603 3125 788 3210 conpulsus
811 3125 992 3208 quisquam
1010 3143 1146 3188 servum
1169 3142 1205 3186 se
1229 3141 1301 3186 esse

395 3215 499 3278 dicat.

255 3301 358 3366 VIII.
394 3302 431 3366 δί
454 3303 625 3386 ingenuus
650 3303 694 3366 ad
713 3303 891 3367 servitium
905 3304 1093 3386 repetatur,
1114 3300 1169 3364 vel
1185 3319 1301 3364 servus

395 3411 430 3456 se
454 3390 602 3456 liberum
625 3411 697 3456 esse
721 3391 825 3455 dicat.

234 3478 357 3543 VIIII.
395 3479 508 3559 Quare
532 3481 616 3544 data
638 3478 783 3544 libertas
804 3479 928 3544 debeat
950 3479 1114 3544 revocari.

314 3569 358 3631 X.
394 3567 431 3632 δί
454 3568 599 3633 libertus
622 3569 785 3632 iniuriam
807 3567 915 3632 faciat
938 3567 1188 3633 manumissori.

294 3657 358 3720 XI.
393 3657 447 3721 Ne
476 3661 597 3721 contra
624 3660 809 3741 patronum
831 3657 887 3720 vel
910 3655 1000 3720 filios
1028 3655 1100 3720 eius
1122 3654 1302 3719 testificari

395 3747 547 3810 audeant
570 3738 805 3809 manumissis.

275 3833 359 3896 XH.
395 3833 449 3898 Ne
471 3834 660 3899 testificent
684 3833 894 3897 manumissi.

254 3922 359 3986 XIII.
395 3922 449 3986 De
472 3923 574 3988 rebus
597 3922 809 3999 manumissi,
834 3922 863 3986 si
886 3921 1013 4004 absque
1038 3920 1202 4004 legitimis
1221 3918 1302 3984 filiis

394 4012 571 4076 moriatur.

287 4199 347 4248 nsit
365 4203 388 4239 et
401 4201 451 4244 122.
505 4203 527 4250 g)
541 4201 660 4249 reliqulsse
674 4201 722 4242 122.
777 4200 801 4249 h)
815 4203 880 4240 reatu
893 4199 943 4242 Bt.

287 4253 344 4296 TIT.
355 4253 406 4296 VII.
446 4255 468 4302 a)
483 4255 539 4293 dccet
552 4255 600 4297 ΕΙ.
653 4255 677 4302 b)
690 4254 778 4294 alienus
792 4264 872 4294 servus
886 4253 924 4293 vol
938 4262 1077 4292 communem
1090 4251 1139 4293 122.
1196 4253 1217 4299 c)
1230 4250 1302 4290 servi·

182 4309 252 4346 tutem
266 4307 315 4349 122.
371 4304 394 4356 d)
409 4305 484 4348 iudice
498 4307 547 4350 Ra.
602 4310 622 4357 e)
636 4307 693 4347 velie
706 4307 755 4350 Ra
809 4304 925 4356 &audeat
938 4306 1087 4346 manumissus
1101 4305 1151 4348 122.

181 4465 207 4533 1)
226 4467 267 4531 Of.
285 4467 319 4521 L.
338 4467 425 4534 Bury.
444 4467 487 4534 65,
508 4470 523 4531 ἓ
541 4469 565 4521 1.
584 4469 616 4530 2;
639 4468 717 4532 infra
734 4466 796 4533 VII,
816 4468 841 4532 2,
857 4468 899 4522 19.
