3214 5198
387 539 442 596 III.
478 539 601 593 INDEX
618 538 757 594 RERUM
774 538 824 593 ΕΤ
842 539 1066 596 VERBORUM.
1231 544 1284 598 365

203 719 329 788 probatio
349 722 391 774 94.
412 722 471 774 106.
490 722 556 787 205;
576 736 613 773 m.
633 719 710 787 signa

167 861 274 915 mansio
300 864 368 928 280;
398 859 597 929 mancipiorum
628 859 709 913 sessio

206 935 233 986 et
250 931 355 984 mansio
374 935 425 987 307
435 948 474 1000 sq.

168 1020 308 1057 mansores
329 1006 390 1058 289.

169 1073 351 1128 mansuetudo
378 1073 458 1142 regis,
485 1072 639 1142 principum
668 1076 710 1129 11.

169 1215 371 1270 manumissicia
390 1218 432 1271 95.

170 1287 346 1340 manumissio
366 1289 425 1342 169.
444 1289 505 1342 308.

171 1358 352 1411 manumissor
372 1360 521 1412 170-172.
534 1360 600 1425 307;
619 1357 711 1410 condi

207 1429 294 1482 tiones
320 1445 336 1481 a
360 1428 557 1481 manumissore
581 1429 611 1480 in
629 1429 711 1496 scrip·

207 1499 712 1568 turammanumissiconscriptae1723

207 1572 321 1624 libertus
348 1571 538 1623 manumissori
568 1571 713 1623 iniuriosus

780 717 858 842 992
871 717 1285 844 19³..tlttt‘9.³..⁰.⁰tl.t

782 829 960 928 suscriptione
972 807 1016 912 vIdI
1032 860 1110 928 signo
1123 859 1286 912 confirmare

783 933 849 999 148;
875 930 983 1000 signum
1007 931 1119 999 propria
1140 947 1224 984 manu
1247 930 1286 983 fa·

782 1019 843 1054 cere
873 1003 940 1070 3l9;
977 1003 1092 1070 epistola
1121 1019 1204 1054 manu
1239 1019 1288 1055 sua

783 1072 915 1141 suscripta
927 1077 975 1140 653
988 1074 1105 1140 epistula
1114 1072 1231 1140 (iudicis)
1240 1090 1288 1124 sua

783 1161 866 1196 manu
890 1145 1023 1212 suscripta
1048 1145 1147 1211 (adque
1173 1144 1289 1212 signata)

784 1218 826 1270 02.
845 1218 914 1283 28ος
940 1223 1036 1268 manus
1057 1242 1088 1259 =
1108 1217 1288 1268 000103001-

783 1302 893 1352 rarum,
926 1287 1149 1351 ‘Handrcbrift'r
1182 1303 1287 1352 manus,

783 1373 915 1409 manuum
933 1358 1103 1426 contropatio
1123 1361 1164 1412 73.
1183 1361 1234 1425 833
1255 1387 1287 1395 -

784 1445 896 1480 manum
918 1427 1041 1496 perdere,
1067 1445 1178 1480 manum
1204 1428 1288 1481 abaci·

785 1499 858 1564 dere,
882 1515 970 1566 poena
995 1501 1064 1564 falsi
1086 1503 1147 1555 219,
1173 1503 1233 1555 224.
1255 1527 1287 1537 -

784 1586 896 1622 manum
915 1569 1053 1623 abscidere
1072 1574 1131 1625 187.
1153 1573 1211 1626 198.

210 1646 274 1711 1713
301 1659 335 1694 ex
359 1658 459 1710 genere
484 1641 712 1694 manumissorum
749 1641 862 1694 maritus
887 1643 929 1695 12.
954 1645 994 1696 15.
1020 1645 1061 1697 16.
1086 1645 1128 1696 94.
1149 1645 1207 1697 184.
1229 1644 1288 1696 199.

209 1712 367 1782 coniugium
391 1713 543 1766 adtemtare
566 1715 632 1780 1743
657 1729 713 1764 ma-

208 1784 373 1837 numissores
399 1784 444 1836 vel
474 1800 569 1836 eorum
599 1783 713 1853 posteri·

208 1860 294 1908 tatem
312 1856 347 1909 ib.

172 1926 366 1980 manumittere
396 1925 575 1992 mancipium,
606 1942 714 1978 servum

211 2001 270 2053 106.
285 1999 349 2064 168;
368 1996 392 2048 si
405 1996 524 2050 moriens
536 2013 586 2064 per
599 1996 713 2064 scriptu·

209 2085 268 2121 ram
283 2071 330 2120 aut
344 2067 515 2135 presentibus
529 2067 643 2120 testibus
657 2084 714 2120 ma·

209 2139 353 2192 numiserit
368 2139 504 2206 mancipia
521 2141 587 2207 1683
606 2155 715 2191 servum

211 2211 246 2263 ad
268 2209 368 2263 civium
386 2209 575 2263 Romanorum
598 2209 714 2278 dignita·

211 2285 267 2333 tem
285 2280 478 2333 manumittere
496 2280 566 2332 nulli
584 2280 715 2347 obsequio

211 2355 349 2405 reservato
367 2355 435 2420 308;
460 2356 587 2420 presente
605 2352 715 2421 presby·

211 2427 271 2476 tero
289 2423 334 2475 vel
351 2422 467 2476 diacono
486 2440 522 2476 m.
541 2426 604 2491 1693
624 2438 716 2475 coram

212 2493 380 2547 sacerdotem
393 2494 437 2546 vel
449 2492 594 2546 diaconum
611 2511 648 2548 m.
667 2494 715 2561 ib.;

212 2581 321 2618 servum
331 2564 457 2628 alienum,
467 2565 633 2633 mancipium
643 2581 716 2617 corn-

212 2652 295 2689 mune
322 2635 515 2688 manumittere
541 2635 570 2688 in
592 2635 716 2688 fraudem

213 2706 316 2759 domini
348 2710 414 2775 1683
451 2706 587 2759 ordinatio
621 2723 716 2759 manu-

213 2778 345 2830 mittentis
372 2781 438 2844 174;
465 2777 570 2830 libertis
597 2777 619 2830 si
643 2777 717 2844 quod

213 2849 356 2901 donaverit
390 2849 437 2916 qui
468 2865 514 2901 eos
548 2848 718 2900 manumittit

214 2923 280 2988 168;
307 2921 342 2984 ef.
371 2923 437 2988 1723
467 2950 498 2958 -
527 2919 716 2986 manumissus,

212 2990 371 3042 manumissi
389 2994 431 3046 95.
447 2994 595 3046 170-172.
607 2994 669 3046 207.
683 3020 715 3029 —

212 3062 297 3114 vitam
325 3061 371 3114 ubi
395 3061 514 3114 voluerit
536 3061 717 3115 manumissus

212 3132 381 3201 transigendi
418 3132 518 3185 habeat
553 3136 717 3200 potestatem

213 3206 281 3272 308;
309 3202 476 3257 conditiones
501 3204 530 3256 in
555 3203 717 3272 scripturam

213 3274 371 3326 manumissi
380 3274 533 3343 conscripta
544 3278 607 3343 172;
622 3292 717 3327 manu·

212 3345 309 3398 missus
335 3345 392 3398 sine
417 3344 479 3398 filiis
504 3346 626 3414 legitimo
652 3363 716 3398 con-

212 3416 286 3485 iugio
316 3415 449 3468 transiens
477 3418 528 3485 ab,
560 3416 718 3470 manumissi

212 3487 338 3555 proximi,
366 3487 422 3540 sive
449 3487 528 3554 servi,
556 3487 612 3540 sive
640 3487 718 3540 liberi

213 3559 263 3625 2¹93
289 3559 335 3626 qui
353 3557 458 3611 furtum
476 3557 597 3626 admisit,
623 3563 719 3627 postea

213 3646 229 3682 a
248 3629 359 3682 domino
378 3645 427 3682 suo
445 3630 627 3682 manumissus
652 3633 717 3698 2073

214 3700 328 3753 ancillae
347 3700 527 3753 manumissae
547 3704 606 3756 1-72.

178 3787 286 3823 manus:
305 3787 401 3824 manus
419 3772 532 3840 propria
551 3775 593 3827 12.
612 3775 656 3827 83.
674 3773 717 3826 84.

214 3845 281 3910 319;
307 3842 419 3895 libertas
444 3842 518 3912 regie
541 3859 637 3895 manus
656 3842 719 3894 stilo

214 3913 348 3981 suscripta
361 3917 426 3981 1733
439 3913 550 3982 propria
562 3931 645 3966 manu
655 3929 719 3966 oon·

214 3984 344 4050 scribere,
375 3984 494 4037 scribere
519 3985 720 4052 (volumtatem)

214 4057 256 4110 83.
276 4058 325 4124 84;
344 4055 475 4108 iudicium
494 4054 719 4109 conscribendum

215 4142 231 4178 a
248 4125 338 4178 iudice
361 4142 464 4193 suoque
487 4143 570 4179 manu
588 4127 719 4178 roboran-

215 4196 281 4248 dum
299 4200 347 4264 54;
366 4197 511 4250 iuramenti
531 4196 719 4250 condicionem

214 4271 271 4319 tam
302 4284 351 4320 sua
381 4284 464 4335 quam
495 4269 607 4321 testium
636 4284 720 4319 manu

215 4339 398 4391 conroborent
427 4342 478 4407 823
514 4339 543 4392 in
573 4338 720 4392 donatione

215 4409 332 4462 donator
360 4411 473 4478 propria
498 4427 581 4462 manu
605 4409 720 4462 subscri·

215 4479 262 4532 bat
284 4484 352 4549 3193
378 4481 540 4549 scripturam
566 4497 616 4534 sua
636 4497 721 4533 manu

785 1715 850 1781 2013
876 1711 899 1763 si
920 1710 977 1764 filia
999 1713 1129 1766 maritum
1154 1712 1290 1780 acceperit

787 1786 828 1838 15.
849 1786 913 1851 1273
938 1783 1030 1850 puella
1054 1783 1183 1836 maritum
1209 1801 1289 1850 expe·

785 1857 846 1907 tens
869 1857 919 1921 92;
944 1854 1002 1906 sine
1020 1855 1170 1907 volumtate
1192 1871 1290 1922 paren-

785 1928 846 1978 tum
876 1925 991 1978 transire
1021 1925 1056 1978 ad
1086 1925 1215 1978 maritum
1242 1927 1289 1992 973

785 1996 877 2065 puella
908 1995 943 2048 ad
972 1995 1130 2049 inferiorem
1161 1996 1291 2048 maritum

787 2067 932 2120 deveniens
960 2071 1009 2136 92;
1041 2084 1088 2134 spe
1115 2066 1291 2137 ingenuitatis

786 2139 916 2191 maritum
942 2138 993 2190 sibi
1016 2139 1119 2192 sociare
1143 2142 1190 2206 973
1215 2138 1291 2206 puel·

787 2211 841 2262 lam
867 2212 915 2261 aut
932 2209 1043 2262 viduam
1067 2210 1214 2277 ingenuam
1233 2208 1292 2260 abs-

788 2297 841 2347 que
867 2280 943 2349 regio
970 2280 1045 2332 iussu
1069 2281 1203 2333 violenter
1227 2279 1293 2332 dare

787 2351 887 2404 marito
920 2354 978 2406 101.
1012 2355 1077 2416 102;
1110 2356 1172 2419 post
1202 2351 1294 2403 mariti

788 2423 894 2474 obitum
919 2421 954 2473 ad
977 2422 1060 2474 alium
1085 2423 1214 2474 maritum
1233 2439 1294 2490 per·

787 2492 881 2545 venire
896 2496 937 2547 14.
952 2495 1016 2560 1463
1035 2493 1152 2544 alterum
1164 2493 1293 2545 maritum

788 2563 975 2628 habere1143
1000 2564 1092 2630 plures
1115 2564 1227 2616 maritos
1246 2563 1293 2615 ha-

788 2635 878 2687 buisse
896 2637 947 2698 893
973 2633 1072 2686 mulier
1095 2637 1294 2702 postmortem

787 2705 880 2757 mariti
901 2703 973 2756 infra
992 2721 1093 2757 annum
1115 2705 1220 2757 nubens
1244 2708 1292 2772 933

789 2775 838 2828 dos
857 2776 891 2828 ab
909 2775 963 2828 alio
981 2776 1079 2828 marito
1099 2780 1209 2844 accepta
1229 2779 1293 2843 1403

788 2865 831 2901 res
851 2864 866 2899 a
884 2847 983 2899 marito
1001 2847 1081 2899 uxori
1099 2846 1223 2914 donatae,
1246 2847 1293 2898 do-

789 2919 863 2970 natio
889 2935 905 2970 a
929 2917 1028 2970 marito
1050 2918 1079 2970 in
1098 2926 1211 2971 uxorem
1230 2934 1293 2970 con·

789 2989 898 3057 scripta,
921 2989 1035 3041 maritus
1054 2989 1077 3040 si
1095 2989 1174 3042 uxori
1192 2987 1294 3056 aliquid

790 3061 932 3114 donaverit
957 3067 999 3114 etc.
1027 3064 1070 3115 12.
1096 3064 1137 3116 14.
1164 3063 1206 3116 91.
1234 3063 1293 3114 146.

790 3135 857 3199 148;
888 3130 999 3183 donatio
1026 3131 1061 3183 ad
1088 3131 1216 3184 maritum
1248 3139 1295 3182 aut

790 3203 825 3255 ad
855 3202 1022 3270 propinquos
1056 3202 1148 3254 mariti
1179 3201 1294 3255 heredes

789 3273 884 3326 redeat
903 3277 952 3341 90;
975 3275 1009 3337 cf.
1029 3276 1089 3329 115.
1111 3276 1176 3342 146;
1202 3272 1295 3324 uxoris

789 3345 933 3411 volumtas,
959 3360 1012 3410 que
1036 3344 1065 3396 in
1084 3343 1212 3396 maritum
1231 3361 1294 3396 con-

790 3415 861 3468 ferre
879 3415 997 3467 voluerit
1023 3418 1064 3470 12.
1092 3418 1157 3481 148;
1184 3413 1295 3467 donatio

790 3486 818 3539 in
844 3486 973 3538 maritum
999 3486 1151 3553 conscripta
1176 3489 1224 3553 913
1252 3501 1295 3538 res

789 3558 862 3610 inter
891 3556 1021 3608 maritum
1052 3562 1079 3609 et
1110 3572 1224 3608 uxorem
1254 3555 1295 3608 in·

790 3629 878 3682 vicem
897 3627 977 3681 datae
997 3631 1063 3696 1483
1089 3627 1163 3694 quod
1181 3627 1295 3679 maritus

791 3698 960 3766 adquisierit,
987 3698 1162 3766 conquisierit
1187 3697 1226 3764 (in
1250 3715 1295 3751 ex-

790 3770 938 3839 peditione,
970 3768 1004 3822 de
1032 3773 1224 3822 extraneorum
1253 3769 1295 3822 lu·

791 3843 844 3894 cris
862 3843 917 3910 ete.)
935 3844 977 3896 16.
996 3845 1037 3896 17.
1057 3845 1116 3897 128.
1137 3844 1201 3908 130;
1220 3840 1296 3908 regia

792 3912 902 3966 donatio
928 3912 957 3964 in
982 3912 1093 3964 nomine
1116 3911 1208 3964 mariti
1233 3927 1295 3964 con-

791 3983 900 4051 scripta,
914 4000 956 4035 res
968 3984 1067 4036 marito
1080 3999 1169 4051 arege
1179 3983 1295 4035 donatae

792 4059 859 4123 1453
899 4053 973 4121 quod
1013 4054 1127 4107 maritus
1166 4053 1296 4121 principis

791 4126 836 4179 vel
862 4125 972 4194 patroni
999 4125 1116 4177 conlatio
1145 4123 1297 4190 promeruit

793 4199 859 4264 1303
883 4195 996 4247 maritus
1016 4199 1043 4248 et
1061 4211 1131 4248 uxor
1149 4194 1200 4246 sibi
1218 4194 1296 4247 here·

792 4266 890 4319 ditario
909 4267 968 4319 iure
984 4267 1157 4319 succedentes
1175 4269 1296 4332 19.127;

792 4337 906 4390 maritus
935 4353 1050 4390 uxorem
1085 4337 1184 4389 iniuste
1214 4335 1296 4388 relin-

792 4425 878 4476 quens
898 4410 962 4476 117;
981 4407 1103 4474 maritus,
1123 4406 1170 4473 qui
1187 4406 1297 4458 divortii

792 4480 836 4532 vel
851 4479 1002 4532 securitatis
1016 4479 1188 4546 iscripturam
1205 4494 1222 4529 a
1233 4494 1297 4530 con·
