3218 5202
311 538 347 591 60
516 533 593 588 LEX
611 533 727 590 VISIG.
745 532 1016 591 Ruooassvmn.
1053 532 1093 605 H,
1111 539 1138 602 2,
1156 537 1236 590 2-4.

310 718 560 801 ingrediantur,
599 737 684 799 quos
723 720 859 780 constat
896 719 1061 783 interesse
1099 717 1264 782 deberei.
1321 717 1440 782 Iudex

312 810 428 870 autem
451 807 481 870 si
504 806 648 888 elegerit
672 806 846 870 auditores
876 806 962 870 alios
985 825 1101 871 secum
1125 800 1218 871 esseb
1246 809 1438 890 presentes,

311 898 373 959 aut
395 895 487 959 forte
511 914 659 970 causam,
691 915 756 977 que
780 896 995 980 proponitur,
1025 896 1176 960 cumeis
1200 895 1356 960 conferre
1378 917 1439 960 vo-

311 984 425 1061 luerit,
451 1004 511 1048 sue
535 983 581 1046 sit
604 984 796 1068 potestatis.
844 984 881 1048 Si
897 988 990 1049 certe
1009 984 1170 1062 noluerit,
1195 984 1314 1048 nullus
1337 1003 1374 1048 se
1398 986 1439 1048 in

311 1073 543 1137 audientiam⁰
564 1072 709 1155 ingerat,
735 1076 870 1158 partem
893 1074 1036 1138 alterius
1059 1066 1296 1156 quacumque‘1
1320 1093 1439 1158 super-

310 1162 447 1226 fluitate
482 1164 543 1225 aut
574 1160 732 1224 obiectu⁰
764 1162 1033 1246 inpugnaturus,
1071 1162 1221 1245 qualiter
1250 1163 1312 1225 uni
1341 1163 1439 1246 parti

310 1243 458 1313 nutririf
485 1251 593 1335 possit
616 1250 902 1334 inpedimentum.
949 1249 1049 1329 Quod
1073 1251 1103 1314 si
1125 1251 1323 1324 admonitus
1346 1251 1438 1333 quis-

311 1360 414 1422 quam
437 1360 458 1402 a
480 1338 630 1403 iudicem
653 1339 769 1417 fuerit,
794 1343 835 1402 ut
857 1341 895 1403 in
911 1343 1036 1404 causag
1053 1343 1170 1404 taceat
1192 1340 1258 1404 hac
1279 1343 1438 1423 prestare

311 1428 484 1492 causando
519 1421 771 1513 patrociniumh
804 1449 874 1494 non
906 1432 1097 1512 presumat,
1133 1432 1169 1493 et
1203 1449 1306 1492 ausus
1339 1429 1439 1492 ultra

310 1517 418 1580 fuerit
441 1517 534 1601 parti
557 1516 742 1581 cuiuslibet
770 1511 1022 1601 patrocinare¹,
1054 1518 1173 1582 decem
1203 1518 1279 1580 auri
1306 1518 1438 1581 solidos

311 1606 422 1670 eidem
452 1605 560 1669 iudici
589 1606 790 1689 profuturos
820 1610 959 1671 coactus
989 1607 1139 1684 exolvat,
1171 1607 1244 1690 ipse
1271 1627 1366 1684 vero,
1396 1608 1438 1669 in

309 1695 407 1758 nullo
437 1694 624 1771 resultans,
658 1695 905 1760 contumeliose
940 1695 983 1760 de
1013 1695 1142 1760 iudicio
1174 1696 1347 1778 proiectus
1378 1695 1438 1759 ab·

311 1784 439 1848 scedat.

719 1899 775 1957 111.
805 1900 1014 1972 ANTIQUAa

310 2013 367 2076 Ut
401 2013 450 2076 de
485 2013 691 2097 plurimis
725 2013 1041 2098 litigatoribus
1077 2015 1159 2078 duo
1194 2014 1432 2098 eligantur,

383 2101 456 2183 qui
485 2104 692 2185 suscepta
721 2103 901 2166 valeant
931 2103 1138 2188 expedire
1168 2104 1359 2186 negotia.

418 2224 455 2288 Si
477 2245 556 2309 pars
580 2227 853 2290 adversariorum
873 2227 1066 2311 litigatores
1082 2249 1153 2290 una
1169 2228 1285 2313 plures
1304 2227 1434 2291 habeat

311 2307 370 2378 etb
398 2314 467 2377 alia
490 2315 678 2399 pauciores,
707 2316 894 2379 iudicantis
917 2317 1009 2380 inter
1033 2337 1090 2380 eos
1113 2317 1180 2381 erit
1203 2316 1361 2394 helectio,
1390 2319 1434 2377 ut

310 2405 493 2484 utrasque⁰
528 2405 644 2486 partes
679 2404 912 2488 inpugnantes
947 2425 982 2469 se
1013 2406 1160 2469 invicem
1190 2404 1336 2488 eligant,
1372 2405 1434 2486 qui

311 2509 429 2555 eorum
457 2493 598 2573 negotia
628 2493 828 2577 suscipiant.
876 2493 965 2572 Quia
994 2514 1112 2558 omnes
1142 2494 1186 2558 ad
1217 2514 1355 2558 causam
1384 2493 1432 2556 di·

311 2581 456 2644 cendam
479 2600 683 2664 consurgere
707 2602 774 2644 non
800 2582 985 2660 debebunt,
1018 2578 1104 2660 setl,
1133 2585 1174 2646 ut
1198 2582 1354 2660 diximus,
1387 2582 1431 2645 ab

310 2671 456 2751 utraque
487 2671 585 2753 parte
616 2669 718 2734 electi
744 2671 781 2733 in
804 2671 932 2734 iudicio
955 2665 1230 2754 ingrediantur-(1,
1262 2674 1302 2734 ut
1332 2670 1433 2734 nulla

310 2779 389 2841 pars
413 2758 602 2822 multorum
624 2758 817 2823 intentione
842 2762 903 2823 aut
926 2760 1074 2824 clamore
1097 2761 1268 2824 turbetur.

514 2928 584 2986 1111.
614 2929 783 2985 FLAVIUS
803 2929 1116 2987 OHINDASVINDUS
1133 2930 1222 2988 REX.

310 3041 366 3104 Ut
401 3042 520 3106 ambe
554 3045 704 3126 partes
739 3044 1016 3106 causantium
1051 3065 1071 3107 a
1105 3044 1252 3108 iudice
1282 3043 1351 3108 vel
1382 3049 1428 3106 aa

311 3131 460 3194 saione
490 3129 660 3213 placito
691 3127 1033 3213 distringantur,
1065 3153 1145 3215 quo
1176 3133 1349 3217 possint
1381 3132 1433 3196 ad

310 3219 660 3302 prosequendum
703 3221 930 3302 negotium
972 3222 1142 3305 pariter
1185 3222 1431 3285 convenire.

418 3342 505 3425 Sepe
527 3337 768 3425 neglegentiab
795 3343 949 3408 iudicum
971 3345 1027 3410 vel
1050 3345 1215 3423 saionum,
1245 3346 1327 3407 dum
1352 3345 1434 3408 dua-

308 3453 386 3494 rum
410 3431 561 3515 partium
584 3432 722 3514 sponsio
745 3437 834 3496 non⁰
864 3434 1021 3517 exigitur,
1052 3454 1122 3496 una
1152 3454 1232 3517 pars
1260 3433 1432 3517 superflue

311 3521 530 3583 convexatur.
593 3519 684 3582 Nam
725 3517 948 3586 occurrented
989 3543 1059 3585 uno
1102 3521 1146 3584 ad
1188 3522 1356 3606 placitum
1397 3526 1433 3586 et

310 3608 379 3670 alio
414 3606 610 3685 differente,
648 3628 719 3670 non
753 3615 917 3693 parvum⁰
957 3611 1176 3695 dispendium
1211 3604 1301 3674 unef
1339 3612 1433 3695 parti

310 3695 517 3760 concutitur.
565 3695 783 3760 Statuimusg
816 3719 897 3781 ergo
929 3692 1163 3782 cunctosqueh
1198 3700 1343 3776 iudices,
1375 3699 1432 3763 vel

310 3784 580 3867 quibuscumque
610 3784 787 3849 iudicandi
812 3790 965 3870 potestas
989 3791 1051 3864 est,
1083 3807 1347 3866 commonemus,
1379 3791 1430 3865 ut,

309 3872 469 3954 quotiens
492 3892 553 3955 pro
570 3892 784 3956 quocumque
802 3876 943 3958 negotio
966 3869 1044 3960 peri
1068 3877 1286 3960 sponsionem
1309 3876 1433 3960 placiti

310 3961 590 4024 constituendum
614 3966 666 4025 est
685 3965 832 4047 tempus,
857 3965 994 4046 quando
1017 3968 1079 4028 aut
1098 3965 1160 4028 ubi
1176 3985 1279 4028 causa
1295 3965 1433 4029 dicatur

416 4149 446 4192 11.
480 4153 501 4200 a)
516 4148 595 4192 deberi
608 4153 655 4195 121.
704 4152 727 4200 b)
740 4153 797 4192 cecat
810 4154 857 4196 121.
905 4156 925 4201 e)
939 4151 1056 4193 audientia
1070 4155 1116 4196 121.
1167 4151 1190 4202 d)
1205 4164 1369 4204 quamcumque
1384 4155 1432 4198 ΕΙ.

310 4207 331 4252 e)
346 4202 458 4242 obiectum
471 4205 492 4243 R
501 4206 520 4247 1.
573 4205 667 4255 nauti-i
680 4207 733 4257 1323
751 4207 807 4246 docet
822 4207 875 4257 1213
890 4207 978 4247 nutrire
989 4207 1043 4258 E15
1057 4206 1141 4247 nutriri
1155 4209 1184 4250 al.
1238 4210 1261 4257 g)
1276 4217 1367 4247 causam
1381 4209 1402 4246 B
1413 4211 1432 4251 1.

309 4258 333 4305 h)
347 4256 473 4304 patrocinio
487 4259 508 4296 R
518 4261 536 4300 l.
590 4260 607 4307 i)
622 4259 653 4298 ita
666 4260 687 4298 R
696 4262 715 4302 1.
729 4260 751 4298 E
759 4261 784 4308 1,·
799 4260 938 4308 patrocinari
952 4261 972 4299 R
981 4261 1000 4302 2.

416 4310 458 4351 111.
498 4312 520 4359 a)
534 4311 652 4356 decollet.
706 4312 862 4363 b)dccstRl.
917 4314 984 4362 mito
998 4314 1047 4355 121.
1061 4313 1083 4354 Ε
1091 4316 1115 4361 1,·
1135 4315 1295 4363 utraqucna.
1357 4311 1381 4363 d)
1396 4319 1433 4354 set

309 4383 335 4393 -—
350 4361 506 4411 ingrediantur
523 4365 566 4408 dcc.
579 4366 600 4405 R
609 4367 628 4408 1.

416 4417 470 4459 1111.
510 4419 533 4467 a)
548 4420 605 4458 deest
618 4419 667 4461 Ra.
730 4417 753 4470 b)
767 4418 932 4468 neglegentiam
945 4419 999 4470 1313
1021 4419 1221 4470 redigentium.
1275 4421 1296 4468 c)
1310 4420 1367 4459 dccet
1381 4421 1432 4462 121.

309 4467 333 4521 d)
347 4473 502 4510 occurrentem
512 4473 640 4514 unule.
682 4473 703 4520 e)
716 4481 796 4520 parum
810 4472 918 4514 Bam.
960 4472 1032 4519 nuni
1045 4473 1134 4516 Mol.
1181 4475 1203 4522 g)
1217 4473 1433 4516 Histatuimusm.

309 4523 333 4571 h)
348 4527 439 4562 cunctos
453 4525 503 4567 Rl.
556 4525 573 4573 i)
586 4535 627 4574 pro
641 4524 690 4567 Ra
