3220 5212
604 571 833 652 6661661666.
1223 577 1270 634 1x

150 752 286 818 tionibus
302 753 472 836 praefinis.
521 753 656 836 Siqnnm
680 755 900 836 quaternionis
924 757 969 820 X.
993 757 1119 839 antiqui
1141 759 1268 842 eotlieis,

149 844 231 924 quod
253 841 368 924 lepitur
389 842 484 923 infra
497 843 535 908 in
550 843 695 925 marqine
704 843 848 926 popinae
864 849 916 926 64,
935 848 1053 927 probat
1075 847 1159 913 6666
1175 849 1269 930 paqi-

148 951 224 995 nam
246 930 347 1010 fuisse
362 931 523 1014 popinam
549 938 622 995 160.
646 931 772 1014 antiqui
795 933 919 998 6666666.
971 935 1197 1016 <tautanius
1221 937 1267 1002 X.

148 1019 230 1098 folia
260 1025 326 1084 oeta
354 1020 403 1084 uel
431 1041 540 1085 eorum
566 1021 749 1103 fraqumnta
771 1027 898 1086 seruata
920 1029 1002 1104 snut,
1032 1023 1157 1106 relr'qua
1185 1025 1269 1105 folia

148 1108 285 1190 quinquo
308 1110 352 1173 ool
373 1109 611 1190 quaternionem
632 1109 699 1174 XI.
717 1108 889 1191 pertinent.
937 1112 1088 1177 Seroatae
1110 1120 1185 1178 sunt
1207 1136 1267 1178 om-

26 1233 28 1270 6
148 1196 225 1261 6666
256 1196 382 1279 antiqui
411 1197 527 1264 eodieis
549 1196 693 1280 popinae
719 1204 910 1263 145-160.
937 1205 1128 1265 163-172.
1179 1204 1271 1285 Quod

26 1333 28 1372 3
148 1287 192 1350 od
224 1285 426 1367 sinqnlurum
453 1286 653 1369 popinarum
685 1286 828 1352 ordinem
857 1287 982 1370 attinet,
1017 1297 1123 1355 noster
1152 1293 1192 1356 66
1222 1313 1267 1374 eo,

147 1395 238 1455 quem
257 1375 317 1438 Fr.
334 1374 472 1440 Blulime
494 1374 641 1456 instituit,
666 1396 701 1440 eo
716 1381 840 1440 tantum
855 1376 972 1458 differt,
996 1381 1080 1458 quocl
1101 1400 1159 1444 nos
1174 1381 1268 1461 papi·

26 1483 28 1500 f
148 1484 224 1527 num
251 1467 325 1526 144.
361 1463 477 1529 66666666
510 1463 585 1529 noui
601 1463 761 1546 paqinam
786 1470 859 1528 163.
890 1465 1017 1547 antiqui
1040 1467 1164 1549 6666666,
1193 1474 1265 1532 143.

37 1565 40 1572 ·
148 1557 251 1616 autom
277 1556 350 1615 164.
373 1552 530 1632 formasse
553 1551 787 1634 enistimamus,·
809 1553 946 1618 Bluleme
969 1561 1073 1620 autem
1099 1561 1171 1620 144.
1193 1563 1268 1639 post

151 1644 223 1704 143.
242 1639 360 1723 posuit.
400 1640 673 1723 Comprehendunt
694 1642 877 1724 fraanentn
893 1649 1020 1724 portem
1035 1643 1150 1710 66666666
1166 1646 1269 1727 lequm

148 1728 222 1793 inde
245 1731 285 1793 66
308 1729 409 1811 eapite
432 1734 507 1793 276.
537 1749 634 1811 usqne
663 1731 708 1794 acl
735 1737 828 1812 eaput
851 1737 926 1794 336.
973 1731 1145 1798 Praeterea
1167 1740 1269 1798 tentus

26 1819 28 1904 i
148 1817 184 1881 in
206 1816 322 1899 titulos,
346 1817 402 1899 qni
424 1839 490 1883 non
512 1818 672 1883 numerati
693 1825 776 1900 sunt,
801 1819 923 1884 diuisus
945 1826 998 1902 est,
1029 1840 1163 1902 quornm
1185 1823 1268 1904 quis-

26 1907 28 1932 ²
148 1926 205 1988 que
229 1906 391 1988 complura
413 1906 520 1988 eapita
539 1907 779 1989 emnpreltenrlit.
818 1907 931 1972 Trium
945 1909 1107 1974 titulorum
1122 1911 1269 1977 rubricae

148 2000 290 2060 seruatae
312 2001 394 2077 sunt,
419 1996 461 2076 ef.
484 1995 578 2076 infru
595 2017 630 2077 p.
649 2001 678 2059 4.
696 2003 725 2061 7.
746 2001 804 2077 14,·
826 1996 963 2080 quinque
986 2004 1090 2064 autem
1104 2000 1269 2066 titulorum

149 2089 227 2148 eerte
250 2089 376 2148 enstnnt
397 2083 599 2166 fraqmenta;
623 2084 664 2164 ef.
683 2106 719 2167 p.
739 2091 789 2148 11.

254 2172 376 2237 Eodem
398 2174 500 2255 lequm
523 2193 659 2254 corpore,
688 2175 733 2238 ael
758 2176 843 2254 quod
867 2174 944 2240 laea
970 2175 1153 2258 fraqmenta
1169 2178 1268 2259 perti·

148 2266 232 2337 nent,
257 2259 309 2325 usi
327 2267 402 2326 sunt
416 2259 512 2326 etium
527 2267 670 2327 amatores
685 2262 781 2344 Leqis
796 2262 1070 2346 Baiuuariorum,·
1092 2287 1169 2330 nam
1184 2269 1269 2348 quael

147 2348 325 2430 suspicatus
347 2355 392 2414 est
414 2351 450 2416 J.
470 2349 597 2432 Fieler,
620 2348 823 2432 ‘Erbenfolqe
846 2353 902 2416 der
924 2358 1112 2434 ostqerman.
1136 2355 1266 2421 Reelte'
1325 2393 1327 2398 ,

148 2437 178 2518 I,
196 2459 229 2518 p.
250 2442 317 2501 434
332 2458 408 2520 sqq,
432 2439 469 2502 in
492 2439 576 2522 Leqe
590 2438 846 2504 Baiuuariorum
869 2443 1032 2506 eondenela
1054 2442 1267 2525 antiquiorem

148 2528 311 2608 quandam
333 2526 480 2608 formam,
505 2547 601 2609 quam
622 2528 805 2609 fraqmenta
821 2531 985 2610 praebent,
1009 2530 1186 2597 6666666666
1201 2554 1267 2598 6666

147 2614 254 2679 minus
285 2614 452 2696 probabile
484 2615 618 2681 uidetur.
670 2615 834 2681 Baiuoari
871 2617 1105 2684 constitutiones
1141 2620 1267 2686 Oooliois

146 2702 263 2768 Euriei
286 2702 370 2768 olias
393 2706 437 2768 66
453 2706 548 2769 66666
571 2704 812 2788 suscripserunt,
836 2705 922 2771 alias
937 2707 1015 2788 plus
1037 2708 1179 2774 minusne
1201 2731 1267 2775 mu·

145 2797 229 2856 tatas
252 2798 444 2874 receperunt.

253 2880 426 2963 Pleraeque
448 2882 700 2963 fraqmentorum
723 2883 803 2965 leqes
825 2883 921 2947 etiam
943 2883 980 2948 in
995 2885 1079 2967 Leqe
1093 2885 1266 2968 Visiqotlo-

145 2991 217 3034 rum
247 2970 287 3033 66
311 2969 538 3036 Reeeessoimlo
561 2970 646 3035 edita
674 2973 731 3037 sub
759 2971 889 3037 rubrica
920 2970 1085 3054 ‘Antiqua'
1109 2974 1265 3055 lequntur.

26 3061 27 3102 ἰ
146 3059 257 3138 Neque
279 3079 352 3123 uero
376 3080 482 3124 omnes
506 3056 676 3141 ‘antiquae'
700 3059 781 3142 lepos
802 3059 848 3125 666
871 3082 910 3126 ea
924 3061 1042 3126 Eurioi
1061 3061 1173 3128 0666666
1189 3085 1265 3144 pro

145 3146 285 3228 ueniunt,
316 3166 415 3228 neque
444 3169 549 3212 omnes
571 3147 688 3212 Enriei
716 3149 797 3231 lepes
822 3149 869 3212 666
891 3156 1030 3232 receptae
1052 3157 1135 3233 sunt,
1166 3172 1267 3234 neque

146 3235 241 3300 etiam
271 3253 334 3317 eae,
366 3256 446 3318 quae
475 3235 550 3301 inde
579 3243 720 3318 sumptae
749 3243 832 3319 sunt,
863 3240 909 3303 ael
936 3241 1032 3305 uerba
1053 3260 1174 3322 semper
1196 3261 1266 3305 enm

146 3323 336 3406 fraqnientis
350 3324 556 3406 conueniunt·
570 3327 627 3390 sed
639 3331 837 3408 retractatae,
851 3329 1040 3410 emendatae,
1057 3327 1267 3410 interpolatae

147 3431 377 3493 nonnunquam
399 3412 616 3478 inueniuntur.

253 3501 340 3565 Eam
361 3502 502 3582 formam
524 3503 626 3584 lequm
648 3502 891 3586 Visiqothorum,
922 3506 967 3569 ael
992 3526 1087 3586 quam
1103 3505 1268 3588 pertinent

148 3595 175 3653 et
196 3589 380 3671 fraqmenta
403 3596 432 3655 et
455 3590 648 3673 Visiqotliea
671 3591 768 3674 Leqis
789 3592 1052 3676 Baiuoariorum,
1084 3594 1266 3677 antiquissi-

147 3699 232 3742 mam
246 3699 321 3760 esse,
346 3698 441 3760 qnam
456 3678 613 3761 habenms,
638 3680 723 3745 inter
738 3701 845 3745 omnes
858 3682 927 3761 fere
950 3688 1093 3747 constare
1112 3683 1236 3748 uidetur
1244 3685 1264 3747 1.

148 3766 351 3832 Dissentiunt
373 3774 478 3832 autem
499 3767 564 3833 uiri
587 3767 669 3833 oloeti
692 3770 729 3833 ele
753 3775 879 3834 auctore
901 3768 997 3834 66666
1011 3771 1144 3853 formae,
1169 3772 1266 3853 equi-

26 3867 27 3920 1
149 3857 209 3925 lus
225 3855 273 3920 eis
296 3856 461 3938 assentior,
492 3856 548 3939 qui
577 3879 646 3922 eam
669 3857 791 3923 Ellrieo
818 3858 888 3940 reqi
915 3854 962 3936 (a.
988 3861 1180 3944 466-485)
1212 3861 1266 3925 tri-

26 3965 28 4042 ,
149 3943 255 4009 66666.

253 4032 412 4098 Eurieum
427 4032 511 4098 enim
525 4033 669 4116 primum
684 4033 894 4116 leqislatorem
912 4034 1146 4118 Visiqotleorum
1165 4037 1267 4117 fuisse

148 4127 250 4186 monet
280 4120 430 4187 Isidorus
459 4121 665 4208 Hispalensis
693 4123 731 4187 in
753 4123 904 4188 Historia
934 4127 971 4189 ole
1000 4125 1126 4207 reqibus
1153 4125 1266 4191 (66666-

26 4205 28 4218 ’
148 4229 227 4291 rum,
264 4231 331 4291 cop.
361 4216 419 4275 35:
456 4212 527 4276 Sub
562 4213 628 4276 hoe
662 4233 742 4296 rege
774 4211 882 4278 Gothi
916 4214 1032 4297 legum
1066 4217 1200 4278 6666666
1229 4217 1266 4278 in

151 4299 285 4382 seriptis
323 4301 452 4366 hebere
490 4305 694 4384 coeperunt;
737 4323 818 4365 nam
855 4306 958 4368 antea
993 4307 1132 4367 tantum
1168 4305 1263 4368 mori·

26 4519 27 4580 q
153 4506 178 4571 1)
193 4507 309 4574 Excepto
326 4523 361 4562 se.
380 4509 503 4574 Anqusto
522 4509 670 4576 Gaudenzr',
690 4512 739 4578 qm·
754 4513 875 4577 capitula
894 4512 928 4563 66
946 4527 974 4564 66
991 4518 1106 4580 reperta,
1128 4513 1164 4576 of.
1183 4513 1265 4576 infru

26 4587 28 4606 ³
147 4591 177 4640 1).
195 4579 246 4632 317
259 4595 322 4646 sqq,
342 4581 508 4646 antiquiores
526 4583 669 4636 6666666666.
