3220 5212
345 521 381 574 42
577 512 656 567 LEX
673 509 790 569 VISIG.
808 509 1076 566 REOOESSVIND.
1114 508 1153 575 11,
1167 513 1191 578 1,
1210 511 1237 565 6.

347 700 417 762 sive
440 695 722 779 subsequentium
744 713 867 776 regum
889 693 1070 757 intendere
1093 691 1149 756 vel
1177 692 1368 756 intendisse
1397 713 1471 775 pro-

348 789 441 851 ditus
468 786 607 850 videtur
635 804 708 848 esse
731 783 786 847 vel
808 782 932 846 fuerit:
964 783 1089 845 horum
1118 782 1272 844 omnium
1301 780 1472 844 scelerum

346 875 402 940 vel
424 875 527 938 unius
551 894 593 938 ex
615 873 670 937 his
694 873 836 955 quisque
859 891 938 935 reus
968 871 1130 935 inventus
1152 869 1281 934 fueritr
1307 870 1472 932 inretrac-

345 964 490 1028 tabilem
506 963 715 1027 sententiam
731 960 851 1024 mortis
868 959 1025 1043 excipiat,
1050 979 1114 1022 nec
1137 959 1212 1022 ulla
1235 959 1266 1022 ei
1291 959 1333 1022 de
1354 962 1472 1022 cetero

347 1055 393 1118 sit
408 1053 546 1117 vivendi
562 1050 705 1115 libertas
721 1048 869 1112 indulta.
910 1046 1011 1127 Quod
1034 1048 1063 1110 si
1086 1047 1233 1112 fortasse
1257 1047 1398 1130 pietatis
1422 1048 1472 1109 in-

346 1142 441 1205 tuitu
464 1162 485 1205 a
507 1140 662 1224 principe
677 1139 785 1202 fuerit
807 1137 862 1201 illi
877 1138 950 1200 vita
967 1156 1136 1214 concessa,
1160 1157 1231 1200 non
1248 1136 1351 1200 aliter
1366 1156 1469 1218 quam

348 1231 479 1295 effossis
503 1229 612 1293 oculis
634 1226 852 1309 relinquatur
876 1227 921 1290 ad
943 1225 1060 1302 vitam,
1092 1229 1262 1308 quatenus
1291 1245 1355 1288 neo
1386 1225 1472 1288 exci-

348 1320 443 1383 dium
470 1319 597 1394 videat,
628 1321 715 1400 quo⁸
743 1316 860 1380 fuerat
890 1315 1050 1397 nequiter
1079 1313 1283 1390 delectatus,
1315 1317 1351 1377 et
1382 1334 1471 1378 ama·

346 1409 516 1472 rissimam
531 1407 639 1471 vitam
663 1406 787 1469 ducere
811 1410 867 1468 ser
887 1404 1085 1487 perenniter
1102 1403 1228 1467 doleat.
1263 1403 1331 1466 Res
1351 1405 1472 1466 tamen

347 1517 465 1562 omnes
485 1495 540 1560 vel
565 1497 647 1571 eius,
672 1495 731 1577 qni
747 1489 876 1557 mortet
898 1495 951 1556 est
974 1513 1036 1576 pro
1058 1492 1124 1556 tali
1146 1491 1288 1555 iscelere
1304 1491 1472 1575 perimen·
1496 1511 1516 1546 v·

348 1587 421 1661 dus,
446 1585 501 1649 vel
529 1585 642 1660 huius,
674 1583 732 1666 qui
755 1583 826 1646 rite
854 1584 994 1666 propter
1020 1601 1117 1646 suam
1139 1581 1332 1662 nequitiam
1358 1579 1472 1644 infeli-

348 1675 482 1738 cissime
504 1672 745 1748 reservabitur,
769 1672 806 1733 in
828 1671 919 1753 regis
944 1671 988 1734 ad
1011 1670 1186 1751 integrum
1208 1672 1382 1753 potestate
1398 1689 1472 1752 per·

348 1764 482 1838 sistant,
513 1765 548 1826 et
577 1761 632 1824 cui
663 1761 789 1823 donate
812 1759 945 1823 fuerint
967 1760 1018 1823 ita
1041 1759 1212 1842 perpetim
1235 1778 1373 1822 securus
1398 1779 1472 1840 pos-

348 1852 470 1927 sideat,
501 1854 542 1913 ut
571 1849 689 1930 nullus
717 1868 881 1930 umquam
905 1847 1164 1912 succedentium
1186 1867 1308 1929 regum
1332 1867 1474 1910 causam

349 1961 446 2003 suam
470 1942 505 2012 et
529 1938 641 2020 gentis
657 1931 872 2001 lvitiaturusu
899 1937 962 2000 has
985 1936 1161 2000 ullatenus
1192 1936 1328 1999 auferre
1358 1955 1473 2019 presu-

348 2032 431 2091 mat.
478 2027 608 2092 Verum
643 2027 723 2110 quia
753 2025 856 2088 multi
886 2024 1088 2108 plerumque
1121 2025 1374 2109 repperiuntur,
1412 2025 1473 2107 qui

350 2117 431 2180 dum
462 2117 516 2180 his
546 2120 582 2180 et
610 2115 740 2179 talibus
770 2115 904 2198 pravisv
931 2114 1216 2178 meditationibus
1247 2116 1471 2196 occupantur,

349 2209 579 2288 argumenth
603 2205 752 2288 quodam
775 2203 895 2267 fallaci
918 2204 955 2266 in
976 2203 1127 2266 ecclesiis
1152 2207 1213 2266 aut
1236 2203 1400 2266 uxoribus
1417 2202 1473 2266 vel

349 2293 429 2357 filiis
460 2295 571 2376 adque
602 2294 719 2356 amicis
750 2313 810 2356 sen
840 2293 877 2354 in
905 2292 981 2355 aliis
1015 2292 1286 2375 quibuscumque
1316 2291 1472 2374 personis

350 2403 427 2446 snas
443 2383 665 2447 inveniantur
679 2382 913 2444 transduxisse
934 2379 989 2444 vel
1008 2382 1253 2444 transducere¹
1272 2379 1472 2456 facultates,

350 2472 455 2535 etiarn
479 2475 514 2534 et
537 2472 620 2554 ipsa,
652 2491 718 2554 que
740 2469 983 2534 fraudulenter
1012 2470 1049 2531 in
1080 2469 1231 2533 dominio
1258 2469 1371 2532 alieno
1397 2489 1473 2532 con-

350 2560 542 2637 tulerantl,
572 2561 646 2624 iure
669 2559 823 2643 precario
846 2562 1064 2642 reposcentes
1088 2557 1151 2622 sub
1176 2557 1379 2621 calliditatis
1404 2561 1472 2620 stu·

351 2649 407 2713 dio
434 2649 471 2711 in
502 2669 563 2712 suo
594 2650 706 2713 denuo
738 2647 889 2711 dominio
912 2647 1138 2730 possidendaz
1166 2647 1346 2731 recipiant,
1377 2648 1471 2710 unde

349 2737 438 2800 nihil
463 2739 505 2802 de
529 2738 598 2802 suis
621 2738 723 2802 rebus
746 2737 811 2800 visi
835 2740 917 2799 sunt
940 2736 1127 2811 admisisse,
1158 2736 1226 2798 nisi
1254 2735 1366 2800 solum
1396 2756 1471 2798 con·

351 2827 552 2892 cinnacicne
581 2827 767 2890 falsissima
797 2826 920 2888 fictasa
954 2825 1052 2907 quasi
1082 2825 1257 2888 veredicas
1287 2825 1472 2887 videantur

350 2909 557 2998 scripturasb
587 2915 770 2991 conficere;
802 2915 948 2996 ideoque
978 2914 1068 2977 hanc
1098 2914 1342 2996 nequissimam
1373 2933 1471 2995 argu-

349 3005 617 3068 1110111111101101110
638 3003 806 3087 presentis
829 3002 916 3085 legis
941 3003 1079 3066 decreto
1096 3006 1275 3086 amputare
1293 3002 1470 3084 elegimus,

349 3097 389 3155 ut
420 3087 583 3157 calcatisd
613 3093 669 3156 vel
700 3086 894 3166 evacuatisd
926 3095 1006 3155 seue
1041 3091 1191 3154 rescissis
1222 3091 1401 3175 scripturis
1431 3111 1471 3154 ac

348 3181 472 3244 fraude
497 3181 673 3256 confectis,
698 3181 866 3262 quidquid
887 3173 948 3242 eof
968 3180 1111 3262 quisque
1126 3183 1282 3263 tempore
1298 3180 1472 3263 possidere
1542 3245 1544 3248 ,

349 3270 573 3353 repperiatur,
598 3289 666 3350 quo
688 3268 796 3332 fuerit
819 3269 856 3331 in
880 3269 1042 3352 predictis
1068 3268 1267 3332 criminibus
1285 3269 1472 3352 deprehen-

350 3379 416 3434 sus,
441 3361 555 3420 totum
572 3357 736 3419 continuo
760 3357 833 3420 fisci
853 3357 982 3421 viribus
1007 3358 1051 3420 ad
1074 3357 1249 3440 integrum
1266 3357 1470 3441 adplicetur,

349 3449 390 3508 ut
407 3445 593 3509 concedere
609 3445 677 3507 iam
694 3445 803 3508 dictas
819 3444 1015 3523 facultates,
1041 3446 1131 3509 sicut
1154 3447 1391 3529 supradictum
1408 3450 1470 3522 est,

351 3535 406 3597 cui
433 3553 493 3596 rex
521 3533 670 3596 voluerit
693 3532 748 3597 vel
771 3533 884 3598 facere
909 3535 1031 3598 exinde
1061 3535 1229 3617 quidquid
1260 3535 1404 3617 elegerit
1434 3535 1472 3597 in

350 3643 410 3686 sue
434 3623 616 3705 potestatis
640 3623 805 3686 consistat
830 3623 988 3699 arbitrio;
1014 3623 1083 3687 alia
1097 3642 1177 3687 vero
1193 3643 1407 3706 quecumque
1427 3622 1471 3686 ab

351 3713 415 3774 hac
445 3710 568 3774 fraude
593 3710 728 3774 alienag
759 3711 902 3775 inventa
929 3713 1108 3776 extiterint
1134 3712 1295 3777 ordinata
1324 3711 1472 3794 legibus-

351 3819 416 3880 que
441 3791 634 3875 confectah,
659 3793 796 3882 vigoreh
824 3799 940 3883 legum
962 3805 1127 3864 maneant
1150 3799 1307 3879 solidata,
1332 3801 1403 3864 illis
1428 3800 1471 3864 ab

350 3887 453 3951 huius
476 3887 563 3970 legis
587 3889 761 3952 sententia
783 3891 936 3972 personis
961 3889 1137 3953 evidenter
1160 3890 1320 3972 exceptis,
1346 3890 1471 3972 quibus

351 3997 372 4038 a
387 3976 650 4058 precedentibus
665 3971 822 4059 regibusi
846 3977 948 4061 culpa
967 3979 1157 4041 dinoscitur
1175 3978 1282 4042 fuisse
1299 3998 1470 4043 concessa.

350 4063 442 4128 Nam
457 4065 486 4128 si
502 4065 728 4131 humanitatis
745 4066 877 4148 aliquid
888 4067 1093 4149 quicumque
1109 4068 1239 4151 perfido
1254 4087 1316 4130 rex
1327 4060 1469 4149 largirik

458 4238 478 4284 1)
491 4238 547 4277 deest
561 4238 609 4280 112.
669 4237 827 4288 s)quodR1.
888 4238 1049 4286 t)mortiRl.
1110 4241 1134 4287 u)
1147 4239 1255 4279 vitiarunt
1269 4239 1319 4287 R2,
1338 4240 1376 4277 ubi
1390 4240 1471 4278 has-

351 4289 405 4337 qula
420 4289 501 4332 desunt,
541 4293 565 4340 r)
578 4291 655 4341 pravis
669 4290 728 4334 med.
742 4292 785 4334 des.
799 4291 847 4332 112.
888 4293 919 4338 w)
932 4296 1089 4340 argumentum
1104 4293 1152 4334 Rl.
1192 4295 1216 4340 x)
1231 4289 1317 4333 transd.
1331 4314 1357 4321 —
1372 4290 1471 4332 dominio

351 4343 456 4386 001112.
499 4346 523 4394 y)
537 4344 727 4387 contuleratRl.
775 4345 795 4391 1)
808 4341 945 4394 possidendo
959 4346 1008 4386 Rl.
1055 4345 1163 4393 allectas
1177 4346 1226 4388 Rl.
1274 4346 1297 4392 b)
1311 4346 1408 4394 scriptas
1423 4347 1470 4386 121.

351 4397 372 4443 c)
386 4399 580 4445 argumentatione
594 4399 643 4438 Bl.
717 4396 741 4446 d)
755 4397 855 4437 calciatis
869 4397 908 4437 vel
920 4399 1023 4438 vacuatis
1037 4399 1086 4440 121.
1155 4401 1176 4448 0)
1190 4409 1229 4438 seu
1245 4399 1346 4438 rescissis
1365 4399 1409 4441 des.
1423 4399 1471 4440 Ra.

350 4449 515 4497 00100112.
572 4452 596 4500 g)
609 4451 707 4490 alienam
720 4451 815 4490 inventa
829 4451 931 4491 extiterit
944 4452 994 4494 Rl.
1054 4452 1078 4500 11)
1092 4452 1154 4492 iacta
1167 4453 1268 4501 vigorem
1282 4452 1331 4494 Rl,
1387 4453 1404 4501 i)
1417 4451 1472 4500 logi-

350 4502 392 4542 bus
406 4503 455 4547 111.
509 4503 692 4554 11)]011110112.
