3264 5206
349 522 403 576 218
510 517 588 572 LEX
607 515 721 572 VISIG.
740 513 1010 571 Raccnssvmn.
1047 513 1114 583 vn,
1132 518 1159 583 4,
1178 517 1260 581 5-73
1285 517 1310 570 5.

770 692 806 748 v.
836 690 1049 761 Animula.

351 808 396 871 si
423 807 556 871 iudex
586 804 847 870 criminibus
881 799 1060 868 favensb
1090 806 1371 870 criminosum
1406 807 1471 870 ab·

834 893 987 957 solvat.

458 1001 496 1066 Si
524 1002 628 1065 iudex
658 999 814 1083 quolibet
844 1000 1010 1064 beneficio
1041 1004 1223 1084 corruptus
1251 1000 1401 1084 aliquem
1424 1002 1471 1063 in·

350 1093 532 1156 nocentem
549 1089 723 1166 occiderit,
748 1088 853 1152 simili
875 1091 985 1153 morte
1002 1090 1198 1153 damnetur..
1233 1089 1365 1154 sivero
1382 1110 1469 1166 eum,

351 1180 411 1264 qui
438 1178 542 1242 morti
570 1179 694 1262 dignus
718 1180 804 1254 est⁰‚
834 1177 1055 1242 criminosum
1085 1177 1279 1254 absolverit,
1311 1178 1471 1263 septuplo

351 1272 519 1351 quantum
573 1288 612 1330 ro
643 1266 715 1331 eius
750 1265 967 1330 absolutione
1002 1269 1182 1351 acceperat
1211 1266 1278 1344 illi,
1311 1268 1367 1331 cui
1397 1270 1471 1332 erat

352 1356 533 1441 culpavilis
560 1407 567 1432 ,
596 1358 741 1439 cogatur
769 1356 925 1420 exolvere
953 1359 989 1419 et
1019 1356 1062 1420 de
1089 1355 1270 1419 iudiciaria
1298 1358 1470 1440 potestate

351 1444 519 1530 repulsae,
548 1445 708 1508 infamis⁰
737 1465 758 1506 a
780 1444 847 1508 sibi
869 1463 1063 1509 successore
1090 1445 1204 1509 iudice
1233 1445 1469 1526 distringatur,

351 1537 392 1599 ut
408 1555 496 1610 eum,
520 1554 623 1616 quem
645 1532 823 1609 relaxavit,
848 1535 1024 1616 presentet
1046 1533 1083 1596 in
1098 1532 1237 1610 iudicio,
1261 1532 1411 1617 qualiter
1429 1533 1471 1596 de

352 1624 493 1688 crimine
517 1623 695 1686 convictus
719 1641 865 1706 poenam
889 1622 1048 1706 excipiat,
1073 1642 1176 1705 quam
1199 1625 1360 1686 meretur.

449 1793 500 1850 VI.
531 1792 700 1848 FLAVIUS
718 1791 933 1848 GLORIOSUS
952 1791 1261 1850 Rnccussvmnus
1278 1791 1366 1848 REX.

375 1906 434 1970 De
466 1907 618 1970 damno
648 1904 813 1969 iudicis
843 1905 1122 2056 priminosum
1151 1905 1354 1970 indebite
1385 1904 1450 1968 ab-

795 2014 839 2057 so
867 1994 1023 2058 ventis.

459 2100 570 2164 Iudex
597 2100 842 2164 criminosum·
869 2121 940 2164 non
963 2104 1083 2184 parcat
1110 2121 1173 2184 pro
1196 2100 1389 2185 patrocinio
1413 2103 1472 2162 aut

352 2189 506 2253 amicitia
534 2188 691 2253 alicuius.
736 2188 827 2253 Nam
850 2189 880 2252 si
902 2189 1023 2254 favens
1046 2189 1246 2253 criminibus
1274 2210 1344 2253 non
1366 2188 1471 2252 vindi-

353 2278 482 2342 caverit
504 2279 723 2342 innocentem
740 2280 776 2342 et
792 2277 979 2342 absolverit
995 2279 1224 2355 criminosum,
1248 2299 1319 2342 non
1334 2278 1473 2361 quidem

352 2367 520 2430 moriatur
547 2368 608 2430 aut
631 2366 907 2431 debilitationem
937 2367 1087 2450 corporis
1114 2361 1280 2451 patiatur,
1312 2367 1372 2431 sed
1400 2369 1472 2429 tam

352 2476 414 2540 pro
444 2456 630 2520 homicidio
660 2448 782 2537 quamb
815 2477 878 2538 pro
908 2456 1002 2519 omni
1031 2456 1171 2539 negotio
1202 2475 1370 2519 summam
1398 2475 1472 2519 con·

352 2544 533 2628 positionis
557 2544 728 2609 exolvat0.

753 2678 821 2736 vn.
851 2678 1064 2749 nunsula.

353 2791 408 2855 Ut
426 2812 525 2856 reus
545 2812 629 2856 non
648 2792 690 2856 in
710 2791 936 2868 absconso,
959 2793 1033 2856 sed
1053 2792 1232 2877 publice
1252 2792 1472 2876 percipiat
1521 2789 1525 2796 '

703 2881 971 2944 sententiam
1000 2880 1124 2965 legis.

461 2985 602 3064 Iudex¹‚
638 2987 797 3070 quotiens
827 2988 1001 3052 occisurus
1031 2991 1084 3052 est
1113 3007 1224 3065 reum,
1260 3008 1331 3052 non
1360 2987 1397 3050 in
1426 3007 1472 3050 se·

354 3075 456 3140 cretis
486 3078 547 3139 aut
577 3076 614 3138 in
645 3075 818 3140 absconsis
845 3076 939 3154 locis,
971 3077 1091 3140 sedin
1115 3070 1308 3141 conventub
1336 3075 1471 3160 publice

354 3167 511 3229 exerceat
534 3164 762 3247 disciplinam.

383 3411 424 3475 V.
440 3411 655 3476 TITULUS:
687 3412 749 3476 DE
773 3412 1044 3476 elusanus*
1072 3411 1444 3477 SCRIPTURARUM.

449 3536 479 3598 Ι.
515 3536 568 3599 De
599 3536 667 3613 his,
703 3537 763 3620 qui
792 3537 904 3620 regias
935 3537 1140 3601 autoritates
1170 3540 1207 3601 et
1236 3537 1471 3621 preceptiones

513 3618 660 3689 falsareb
688 3625 944 3709 presumserint.

429 3712 479 3775 ΙΙ.
515 3712 569 3776 De
592 3713 656 3790 his,
680 3714 740 3798 qui
763 3715 950 3798 scripturas
974 3714 1079 3778 falsas
1098 3715 1247 3779 fecerint
1269 3713 1324 3779 vel
1348 3714 1472 3778 falsare

513 3803 746 3866 temtaverint.

408 3889 479 3952 III.
515 3889 568 3953 De
598 3891 662 3968 his,
715 3891 753 3953 ui
783 3893 846 3956 sub
876 3892 1015 3956 nomine
1041 3892 1132 3975 regis
1157 3894 1217 3955 aut
1240 3892 1364 3956 iudicis
1389 3912 1472 3956 com·

515 3979 699 4044 monitoria
750 3980 840 4044 falsa
863 3981 933 4045 sive
956 3981 1158 4046 fincxerint⁰
1179 3981 1250 4045 sive
1273 3979 1472 4045 detulerint.

461 4152 488 4193 V.
528 4154 551 4200 a)
564 4154 622 4191 deest
635 4153 684 4195 ΒΞ.
737 4152 761 4200 b)
774 4153 853 4193 sabens
867 4153 917 4195 ΒΩ.
970 4155 992 4202 c)
1005 4155 1062 4193 duct
1075 4154 1122 4196 121.
1176 4151 1200 4202 d)
1214 4153 1332 4202 culpabilis
1346 4153 1394 4196 ΒΞ.

461 4205 500 4247 VI.
541 4207 564 4253 a)
578 4206 698 4246 criminoso
712 4207 761 4248 ΒΞ.
814 4206 838 4258 b)
852 4210 898 4246 tem
908 4217 953 4254 pro
967 4218 988 4255 q.
1003 4218 1044 4257 pro
1058 4208 1104 4249 121.
1158 4208 1179 4254 c)
1193 4207 1308 4256 persolvat
1322 4207 1371 4249 Ra.

461 4258 512 4301 VII.
553 4262 575 4308 a)
589 4260 646 4298 deest
659 4260 707 4302 122.
762 4258 784 4307 b)
799 4259 913 4299 conventu
926 4260 972 4302 121.

354 4364 374 4402 ri
414 4365 435 4403 R
461 4312 552 4354 TIT.V.
579 4312 881 4360 erensensnmlsm.
921 4313 1039 4364 b)roltquu
1049 4313 1334 4362 maecmpareaeatm.
1375 4311 1474 4360 emete-

374 4368 401 4404 nt
442 4366 461 4407 1.

356 4485 382 4552 1)
400 4487 442 4552 of.
461 4487 555 4556 nain,
576 4489 683 4554 «Μ.
703 4489 791 4545 sao!
806 4509 835 4558 p.
853 4492 915 4546 205.
