3220 5212
329 550 408 606 LEX
426 551 829 610 V1s1o.RnocsssV1ND.
865 553 904 624 H,
919 556 1070 623 1,13-16.
1225 559 1260 611 47

27 789 28 802 ,
139 738 245 801 trium
273 737 417 801 testium
446 736 554 800 fuerit
584 736 762 801 electionis
790 739 905 822 pactio
933 739 1040 822 signis
1063 738 1118 802 vel
1142 740 1260 802 suscri-

99 841 121 894 ἀ.
139 827 315 910 ptionibus
337 825 509 889 roborata.

189 978 290 1036 XIIII.
318 977 487 1034 FLAViUS
507 977 722 1034 GLORIOSUS
739 978 1071 1036 REOGESSVINDUSa
1093 979 1205 1036 REX&

138 1075 300 1154 Quales
329 1094 481 1139 causas
510 1074 701 1138 debeant
731 1075 883 1138 audire
916 1068 1184 1159 thiuphadib
1217 1079 1259 1140 et

27 1169 28 1172 ’
136 1163 1257 1248 qualibuspersoniscausasaudiendasiniungant.

246 1269 333 1334 (lum
364 1269 486 1333 ceteris
515 1270 664 1351 negotiis
693 1270 923 1333 criminalium
951 1270 1056 1334 etiam
1079 1291 1260 1334 causarum

27 1389 29 1426 v
137 1359 341 1443 thiuphadis
357 1358 535 1421 iudicandi
550 1379 711 1422 concessa
722 1357 873 1436 licentia,
891 1359 1090 1423 criminosos
1107 1381 1127 1422 a
1142 1360 1259 1443 legum

27 1507 28 1510 ,
137 1449 330 1512 sententia⁰
351 1447 418 1531 ipsi
432 1447 607 1511 vindicare
630 1467 701 1510 non
723 1449 884 1525 audeant,
909 1448 970 1512 sed
989 1442 1128 1511 debita(¹
1146 1449 1183 1510 in
1199 1449 1257 1526 eis,

137 1541 177 1600 ut
202 1538 366 1620 conpetit,
392 1557 536 1600 censura
559 1540 750 1600 exerceant.
798 1535 885 1614 Qui⁰
912 1537 1067 1600 thiufadi
1089 1537 1177 1601 tales
1202 1537 1258 1602 eii·

138 1619 257 1710 ganas,
282 1625 406 1708 quibus
423 1624 678 1688 vicissitudines
701 1645 779 1688 suas
805 1620 1038 1707 [audiendasssi
1063 1625 1257 1708 iniungant,

137 1718 177 1778 ut
206 1715 290 1799 ipsis
321 1714 521 1778 absentibus
550 1714 604 1776 illi
635 1707 779 1777 causasll
811 1718 846 1778 et
867 1708 1119 1798 temperanter¹
1151 1715 1258 1779 discu-

137 1805 229 1867 tiant
252 1807 288 1867 et
310 1804 400 1867 iuste
424 1803 621 1866 decernant.

219 1957 283 2013 XV.
311 1955 480 2011 FLAVIUS
500 1955 714 2011 GLORIOSUS
732 1954 1043 2011 REOOESSVINDUS
1062 1955 1174 2012 REX&

138 2054 193 2116 Ut
230 2052 401 2116 iudices
440 2055 527 2114 tam
565 2051 821 2115 criminales
856 2072 978 2134 quam
1013 2071 1258 2116 communes

468 2133 734 2204 terminentb
763 2160 925 2204 causas.

245 2246 408 2311 Omnium
442 2247 660 2330 negotiorum
694 2267 813 2310 causas
852 2247 903 2310 ita
936 2247 1067 2310 iudices
1106 2247 1258 2311 habeant

140 2338 332 2421 deputatas,
356 2339 396 2398 ut
420 2339 455 2400 et
479 2336 672 2399 criminalia
695 2338 730 2399 et
754 2338 868 2399 cetera
890 2336 1031 2418 negotia
1048 2336 1258 2399 terminandi

140 2427 182 2489 sit
205 2425 275 2488 illis
300 2445 460 2489 concessa
477 2424 629 2488 licentia.
668 2424 767 2488 Pacis
782 2445 864 2487 vero
880 2424 1071 2488 adsertores
1087 2445 1156 2487 non
1173 2423 1277 2488 alias

140 2515 303 2577 dirimant
331 2534 459 2590 causas,
490 2514 558 2576 nisi
585 2533 669 2595 quas
692 2513 763 2576 illis
785 2512 881 2596 regia
905 2513 1143 2597 deputaverit⁰
1172 2514 1257 2577 ordi-

139 2603 245 2666 nandi
274 2605 436 2686 potestas.
483 2602 583 2667 Pacis
607 2606 724 2667 autem
747 2603 902 2666 adsertor
925 2605 987 2678 est,
1018 2603 1078 2685 qui
1108 2602 1181 2666 sola
1210 2604 1257 2665 fa-

140 2693 258 2757 ciende
288 2691 382 2775 pacis
405 2691 598 2755 intentione
620 2690 731 2774 regali
754 2691 828 2755 sola
850 2691 1037 2754 distinatur
1060 2691 1256 2756 autoritate.

336 2843 416 2901 XVI.
444 2843 613 2900 FLAVIUS
632 2841 946 2898 OHINDASVINDUS
965 2841 1053 2898 REX.

140 2941 196 3004 De
221 2940 389 3004 damnis
413 2960 573 3017 eorum,
607 2940 680 3022 qui
708 2960 792 3002 non
821 2941 1004 3023 accepta
1030 2942 1257 3022 potestate

414 3029 738 3111 presumserint
765 3027 974 3092 iudicare.

243 3135 371 3198 Nullus
400 3135 436 3196 in
465 3135 662 3198 territorioa
695 3155 765 3198 non
795 3134 861 3198 sibi
892 3135 1071 3199 commisso
1100 3133 1156 3197 vel
1186 3133 1256 3211 ille,

141 3225 196 3306 qui
223 3223 401 3288 iudicandi
424 3225 633 3307 potestatem
655 3223 789 3286 nullam
812 3223 919 3287 habet
943 3223 1081 3287 omnino
1106 3223 1257 3286 commis-

141 3306 243 3391 samb,
275 3316 543 3396 quemcumque⁰
571 3315 748 3396 presumat
777 3332 839 3395 per
868 3312 1054 3376 iussionem
1084 3315 1144 3374 aut
1175 3311 1256 3374 saio-

140 3423 215 3465 nem
237 3401 293 3466 vel
317 3401 521 3484 distringere
544 3400 600 3465 vel
622 3396 681 3464 in‘1
708 3401 823 3484 aliquo
852 3401 1030 3464 molestius
1058 3421 1255 3478 convexare,

115 3490 186 3552 ‚sie
220 3510 283 3554 nec
317 3490 425 3554 fuerit
455 3490 558 3554 iudex
589 3488 799 3554 constitutus
830 3509 870 3553 ex
900 3490 1030 3572 regiam
1060 3489 1255 3552 iussionem.

142 3577 238 3643 Certe
261 3580 321 3661 qui
343 3599 414 3641 non
436 3579 612 3661 predictus
634 3579 738 3642 iudex
761 3579 1010 3662 presumtiosus
1036 3578 1169 3642 inlicite
1192 3578 1256 3643 hec

141 3687 202 3748 que
232 3668 460 3751 prohibentur
489 3668 711 3750 presumserit
739 3687 850 3750 agere,
879 3667 1063 3731 confestim
1089 3670 1130 3729 ut
1154 3687 1258 3730 causa

241 3823 316 3864 XIIII.
356 3824 379 3870 a)
393 3822 450 3861 dccet
463 3822 512 3865 121.
579 3821 602 3870 b)
618 3821 683 3863 thius.
693 3833 737 3871 pro
752 3821 840 3870 thiuph.
854 3821 889 3860 bic
902 3825 921 3860 ct
935 3822 999 3869 infra
1012 3821 1061 3863 Rs.
1130 3823 1150 3868 o)
1165 3826 1257 3861 senten-

142 3875 176 3914 tiis
190 3875 236 3917 121.
317 3874 341 3923 d)
359 3876 391 3913 ita
405 3876 453 3918 121.
467 3876 522 3924 En·
545 3873 645 3915 debitam
663 3876 711 3917 Ra.
793 3878 814 3923 e)
833 3875 891 3922 Quia
909 3876 957 3917 ΕΙ.
1038 3875 1057 3923 i)
1076 3874 1188 3923 eligantur
1207 3876 1256 3918 121.

142 3931 161 3975 g)
174 3929 264 3978 cabum,
283 3929 340 3978 quod
357 3930 428 3967 minus
447 3933 522 3978 aptum
539 3929 631 3977 videar,
650 3930 707 3967 deest
720 3928 768 3970 122.
782 3929 831 3971 El.
903 3928 926 3976 h)
945 3932 969 3968 ot
983 3938 1061 3967 causas
1075 3940 1122 3976 pro
1136 3938 1155 3972 c.
1169 3932 1193 3967 et
1207 3929 1228 3967 B
1238 3931 1256 3970 1.

142 3981 156 4028 i)
169 3982 201 4020 ita
214 3982 261 4025 121,
274 3983 312 4022 Vb
316 3996 325 4030 ‚·
340 3986 464 4030 temperate
479 3983 521 4030 cl.,·
536 3986 662 4031 temperare
676 3982 725 4023 Ra.

242 4036 288 4078 XV.
315 4035 376 4074 Haec
390 4036 519 4085 lecim,
534 4035 632 4074 hocloco
648 4035 736 4083 omisca,
751 4033 1093 4076 adcubanccdicicaddcaest.
1131 4034 1256 4086 a)resRl.

142 4089 163 4136 b)
177 4088 279 4129 terminet
293 4090 314 4127 R
323 4092 343 4130 1.
398 4091 418 4136 c)
433 4086 574 4128 ordinaverit
583 4100 627 4137 pro
641 4087 689 4130 ord.
704 4086 754 4137 dep.
768 4089 789 4126 R
798 4089 817 4129 1.

241 4143 299 4184 XVI.
340 4143 362 4189 a)
377 4142 516 4182 territorium
530 4143 579 4184 121.
632 4142 656 4189 b)
670 4142 787 4180 commisso
801 4143 850 4184 ΕΙ,
866 4141 888 4179 Ε
895 4142 914 4184 1.
969 4143 989 4189 c)
1004 4151 1116 4191 quemque
1130 4142 1184 4191 1³13
1207 4141 1256 4189 qui-

142 4197 291 4243 cumquem.
342 4193 366 4244 d)
379 4196 436 4234 deest
450 4197 499 4238 ΕΙ.
554 4197 575 4243 e)
589 4195 634 4234 nisi
647 4195 717 4235 fuerit
730 4192 800 4234 iudex
815 4195 932 4235 institutus
947 4204 976 4233 ex
990 4195 1052 4244 regia
1067 4195 1165 4234 iussione
1180 4195 1228 4237 122.

143 4318 167 4384 1)
193 4319 367 4387 ibicpbcdue
396 4321 436 4372 ccl
460 4319 576 4388 biarche
600 4344 631 4362 =
653 4317 850 4386 busuadifcbs,
881 4319 1065 4384 millenarius,
1097 4320 1116 4372 i.
1136 4335 1156 4372 c.
1183 4319 1256 4370 mille

142 4389 265 4443 militabis
285 4393 465 4460 praepositus,
491 4393 540 4458 qui
563 4397 587 4443 ct
611 4391 777 4442 militcribcs
794 4397 819 4442 ct
836 4389 958 4442 civilibus
982 4389 1060 4442 rebus
1078 4389 1255 4456 suapeheim

143 4460 438 4600 ffimgcsspissinniyc’
461 4461 526 4528 1⁷1⁹,
549 4479 578 4530 p.
596 4464 648 4516 337
661 4479 715 4529 sqq.
740 4468 765 4515 ct
786 4468 926 4529 practmc
951 4461 1013 4515 Ood.
1032 4462 1126 4514 Eum.
1151 4477 1172 4514 c.
1191 4463 1253 4526 322,
