<?xml version="1.0" encoding="UTF-8"?>
<!DOCTYPE html PUBLIC "-//W3C//DTD XHTML 1.0 Transitional//EN"
    "http://www.w3.org/TR/xhtml1/DTD/xhtml1-transitional.dtd">
<html xmlns="http://www.w3.org/1999/xhtml" xml:lang="en" lang="en">
 <head>
  <title>
</title>
<meta http-equiv="Content-Type" content="text/html;charset=utf-8" />
  <meta name='ocr-system' content='tesseract 3.04.00' />
  <meta name='ocr-capabilities' content='ocr_page ocr_carea ocr_par ocr_line ocrx_word'/>
</head>
<body>
  <div class='ocr_page' id='page_1' title='image "./legesvisigothor00gaudgoog_0274.png"; bbox 0 0 3198 5202; ppageno 0'>
   <div class='ocr_carea' id='block_1_1' title="bbox 335 544 1306 614">
    <p class='ocr_par' dir='ltr' id='par_1_1' title="bbox 335 544 1306 614">
     <span class='ocr_line' id='line_1_1' title="bbox 335 544 1306 614; baseline -0.005 -8"><span class='ocrx_word' id='word_1_1' title='bbox 335 553 388 606; x_wconf 81' lang='lat'>242</span> <span class='ocrx_word' id='word_1_2' title='bbox 483 548 561 602; x_wconf 79' lang='lat' dir='ltr'>LEX</span> <span class='ocrx_word' id='word_1_3' title='bbox 580 547 694 604; x_wconf 82' lang='lat' dir='ltr'>VISIG.</span> <span class='ocrx_word' id='word_1_4' title='bbox 712 545 982 603; x_wconf 80' lang='lat' dir='ltr'>RIIOOESSVIND.</span> <span class='ocrx_word' id='word_1_5' title='bbox 1018 544 1101 614; x_wconf 85' lang='lat' dir='ltr'>VIII,</span> <span class='ocrx_word' id='word_1_6' title='bbox 1121 549 1306 614; x_wconf 76' lang='lat' dir='ltr'>3‚1o.17;4.</span> 
     </span>
    </p>
   </div>
   <div class='ocr_carea' id='block_1_2' title="bbox 733 722 1059 794">
    <p class='ocr_par' dir='ltr' id='par_1_2' title="bbox 733 722 1059 794">
     <span class='ocr_line' id='line_1_2' title="bbox 733 722 1059 794; baseline 0.003 -17"><span class='ocrx_word' id='word_1_7' title='bbox 733 723 813 780; x_wconf 81' lang='lat' dir='ltr'>xvr.</span> <span class='ocrx_word' id='word_1_8' title='bbox 844 722 1059 794; x_wconf 76' lang='lat' dir='ltr'>Anrrquna.</span> 
     </span>
    </p>
   </div>
   <div class='ocr_carea' id='block_1_3' title="bbox 337 835 1456 988">
    <p class='ocr_par' dir='ltr' id='par_1_3' title="bbox 337 835 1456 988">
     <span class='ocr_line' id='line_1_3' title="bbox 337 835 1456 921; baseline -0.004 -20"><span class='ocrx_word' id='word_1_9' title='bbox 337 838 394 914; x_wconf 77' lang='lat' dir='ltr'>si,</span> <span class='ocrx_word' id='word_1_10' title='bbox 420 839 672 921; x_wconf 81' lang='lat' dir='ltr'><strong>priusquam</strong></span> <span class='ocrx_word' id='word_1_11' title='bbox 695 835 989 920; x_wconf 76' lang='lat' dir='ltr'>expellantur,</span> <span class='ocrx_word' id='word_1_12' title='bbox 1015 836 1225 899; x_wconf 89' lang='lat' dir='ltr'>animalia</span> <span class='ocrx_word' id='word_1_13' title='bbox 1249 837 1297 900; x_wconf 91' lang='lat' dir='ltr'>de</span> <span class='ocrx_word' id='word_1_14' title='bbox 1321 835 1456 918; x_wconf 82' lang='lat' dir='ltr'>frugi·</span> 
     </span>
     <span class='ocr_line' id='line_1_4' title="bbox 740 924 1050 988; baseline -0.01 0"><span class='ocrx_word' id='word_1_15' title='bbox 740 924 817 988; x_wconf 88' lang='lat' dir='ltr'>bus</span> <span class='ocrx_word' id='word_1_16' title='bbox 848 924 1050 988; x_wconf 73' lang='lat' dir='ltr'>exierint.</span> 
     </span>
    </p>
   </div>
   <div class='ocr_carea' id='block_1_4' title="bbox 337 1023 1460 1559">
    <p class='ocr_par' dir='ltr' id='par_1_4' title="bbox 337 1023 1460 1559">
     <span class='ocr_line' id='line_1_5' title="bbox 445 1023 1458 1114; baseline -0.004 -18"><span class='ocrx_word' id='word_1_17' title='bbox 445 1032 483 1096; x_wconf 82' lang='lat' dir='ltr'>Si</span> <span class='ocrx_word' id='word_1_18' title='bbox 516 1033 671 1095; x_wconf 88' lang='lat' dir='ltr'>iumenta</span> <span class='ocrx_word' id='word_1_19' title='bbox 699 1031 755 1095; x_wconf 86' lang='lat' dir='ltr'>vel</span> <span class='ocrx_word' id='word_1_20' title='bbox 789 1051 914 1114; x_wconf 88' lang='lat' dir='ltr'>peoora</span> <span class='ocrx_word' id='word_1_21' title='bbox 948 1031 990 1094; x_wconf 90' lang='lat' dir='ltr'>de</span> <span class='ocrx_word' id='word_1_22' title='bbox 1025 1023 1223 1114; x_wconf 70' lang='lat' dir='ltr'>frugibusl,</span> <span class='ocrx_word' id='word_1_23' title='bbox 1260 1031 1458 1113; x_wconf 82' lang='lat' dir='ltr'>priusquam</span> 
     </span>
     <span class='ocr_line' id='line_1_6' title="bbox 338 1118 1459 1205; baseline -0.005 -19"><span class='ocrx_word' id='word_1_24' title='bbox 338 1121 566 1205; x_wconf 86' lang='lat' dir='ltr'>expellantur,</span> <span class='ocrx_word' id='word_1_25' title='bbox 598 1119 757 1195; x_wconf 77' lang='lat' dir='ltr'>exierint,</span> <span class='ocrx_word' id='word_1_26' title='bbox 789 1139 830 1183; x_wconf 89' lang='lat' dir='ltr'>ea</span> <span class='ocrx_word' id='word_1_27' title='bbox 859 1140 929 1183; x_wconf 93' lang='lat' dir='ltr'>non</span> <span class='ocrx_word' id='word_1_28' title='bbox 959 1118 1064 1183; x_wconf 86' lang='lat' dir='ltr'>liceat</span> <span class='ocrx_word' id='word_1_29' title='bbox 1093 1119 1341 1203; x_wconf 81' lang='lat' dir='ltr'>conprehendi,</span> <span class='ocrx_word' id='word_1_30' title='bbox 1378 1119 1459 1201; x_wconf 92' lang='lat' dir='ltr'>quia</span> 
     </span>
     <span class='ocr_line' id='line_1_7' title="bbox 337 1207 1459 1293; baseline -0.003 -21"><span class='ocrx_word' id='word_1_31' title='bbox 337 1213 455 1272; x_wconf 91' lang='lat' dir='ltr'>utrum</span> <span class='ocrx_word' id='word_1_32' title='bbox 490 1210 565 1293; x_wconf 88' lang='lat' dir='ltr'>ipsa</span> <span class='ocrx_word' id='word_1_33' title='bbox 600 1209 763 1271; x_wconf 91' lang='lat' dir='ltr'>damnum</span> <span class='ocrx_word' id='word_1_34' title='bbox 797 1208 945 1272; x_wconf 80' lang='lat' dir='ltr'>iecerint</span> <span class='ocrx_word' id='word_1_35' title='bbox 978 1208 1141 1271; x_wconf 89' lang='lat' dir='ltr'>nescitur.</span> <span class='ocrx_word' id='word_1_36' title='bbox 1194 1207 1286 1271; x_wconf 88' lang='lat' dir='ltr'>Nam</span> <span class='ocrx_word' id='word_1_37' title='bbox 1320 1207 1349 1270; x_wconf 88' lang='lat' dir='ltr'>si</span> <span class='ocrx_word' id='word_1_38' title='bbox 1383 1227 1459 1271; x_wconf 89' lang='lat' dir='ltr'>eam</span> 
     </span>
     <span class='ocr_line' id='line_1_8' title="bbox 337 1295 1459 1382; baseline -0.004 -20"><span class='ocrx_word' id='word_1_39' title='bbox 337 1300 420 1382; x_wconf 79' lang='lat' dir='ltr'>ipse,</span> <span class='ocrx_word' id='word_1_40' title='bbox 450 1298 547 1361; x_wconf 88' lang='lat' dir='ltr'>cuius</span> <span class='ocrx_word' id='word_1_41' title='bbox 571 1299 661 1372; x_wconf 80' lang='lat' dir='ltr'>sunt,</span> <span class='ocrx_word' id='word_1_42' title='bbox 693 1299 755 1359; x_wconf 87' lang='lat' dir='ltr'>aut</span> <span class='ocrx_word' id='word_1_43' title='bbox 777 1296 983 1379; x_wconf 82' lang='lat' dir='ltr'>quicumque</span> <span class='ocrx_word' id='word_1_44' title='bbox 1006 1297 1140 1360; x_wconf 87' lang='lat' dir='ltr'>vicinus</span> <span class='ocrx_word' id='word_1_45' title='bbox 1164 1295 1379 1380; x_wconf 78' lang='lat' dir='ltr'>expellerit⁰,</span> <span class='ocrx_word' id='word_1_46' title='bbox 1405 1297 1459 1358; x_wconf 93' lang='lat' dir='ltr'>do-</span> 
     </span>
     <span class='ocr_line' id='line_1_9' title="bbox 338 1379 1460 1469; baseline -0.004 -20"><span class='ocrx_word' id='word_1_47' title='bbox 338 1387 451 1450; x_wconf 89' lang='lat' dir='ltr'>minus</span> <span class='ocrx_word' id='word_1_48' title='bbox 485 1387 718 1449; x_wconf 88' lang='lat' dir='ltr'>iumentorum</span> <span class='ocrx_word' id='word_1_49' title='bbox 747 1385 802 1449; x_wconf 84' lang='lat' dir='ltr'>vel</span> <span class='ocrx_word' id='word_1_50' title='bbox 832 1404 995 1469; x_wconf 87' lang='lat' dir='ltr'>pecorum</span> <span class='ocrx_word' id='word_1_51' title='bbox 1025 1379 1308 1449; x_wconf 59' lang='lat' dir='ltr'>extimationem&lt;¹</span> <span class='ocrx_word' id='word_1_52' title='bbox 1342 1384 1460 1447; x_wconf 92' lang='lat' dir='ltr'>damni</span> 
     </span>
     <span class='ocr_line' id='line_1_10' title="bbox 338 1476 653 1559; baseline -0.01 -20"><span class='ocrx_word' id='word_1_53' title='bbox 338 1476 469 1559; x_wconf 90' lang='lat' dir='ltr'>inplere</span> <span class='ocrx_word' id='word_1_54' title='bbox 493 1477 653 1558; x_wconf 79' lang='lat' dir='ltr'>cogatur.</span> 
     </span>
    </p>
   </div>
   <div class='ocr_carea' id='block_1_5' title="bbox 728 1607 1067 1678">
    <p class='ocr_par' dir='ltr' id='par_1_5' title="bbox 728 1607 1067 1678">
     <span class='ocr_line' id='line_1_11' title="bbox 728 1607 1067 1678; baseline 0.006 -16"><span class='ocrx_word' id='word_1_55' title='bbox 728 1608 824 1666; x_wconf 86' lang='lat' dir='ltr'>xvn.</span> <span class='ocrx_word' id='word_1_56' title='bbox 855 1607 1067 1678; x_wconf 69' lang='lat' dir='ltr'>ANTIQUAa.</span> 
     </span>
    </p>
   </div>
   <div class='ocr_carea' id='block_1_6' title="bbox 341 1720 1460 1895">
    <p class='ocr_par' dir='ltr' id='par_1_6' title="bbox 341 1720 1460 1895">
     <span class='ocr_line' id='line_1_12' title="bbox 341 1720 1460 1805; baseline -0.002 -18"><span class='ocrx_word' id='word_1_57' title='bbox 341 1723 385 1787; x_wconf 84' lang='lat' dir='ltr'>Si</span> <span class='ocrx_word' id='word_1_58' title='bbox 407 1723 450 1786; x_wconf 91' lang='lat' dir='ltr'>in</span> <span class='ocrx_word' id='word_1_59' title='bbox 474 1720 700 1786; x_wconf 83' lang='lat' dir='ltr'>fructibus</span> <span class='ocrx_word' id='word_1_60' title='bbox 724 1721 934 1784; x_wconf 90' lang='lat' dir='ltr'>animalia</span> <span class='ocrx_word' id='word_1_61' title='bbox 957 1725 1169 1805; x_wconf 85' lang='lat' dir='ltr'>perventa</span> <span class='ocrx_word' id='word_1_62' title='bbox 1192 1742 1460 1805; x_wconf 87' lang='lat' dir='ltr'>quacumque</span> 
     </span>
     <span class='ocr_line' id='line_1_13' title="bbox 454 1803 1345 1895; baseline -0.002 -21"><span class='ocrx_word' id='word_1_63' title='bbox 454 1810 618 1893; x_wconf 88' lang='lat' dir='ltr'>aliquis</span> <span class='ocrx_word' id='word_1_64' title='bbox 646 1803 1056 1874; x_wconf 85' lang='lat' dir='ltr'>detruncationemb</span> <span class='ocrx_word' id='word_1_65' title='bbox 1083 1811 1345 1895; x_wconf 85' lang='lat' dir='ltr'>turpaverit.</span> 
     </span>
    </p>
   </div>
   <div class='ocr_carea' id='block_1_7' title="bbox 448 1933 1587 2017">
    <p class='ocr_par' dir='ltr' id='par_1_7' title="bbox 448 1925 1587 2017">
     <span class='ocr_line' id='line_1_14' title="bbox 448 1933 1587 2017; baseline -0.005 -19"><span class='ocrx_word' id='word_1_66' title='bbox 448 1935 485 1998; x_wconf 81' lang='lat' dir='ltr'>Si</span> <span class='ocrx_word' id='word_1_67' title='bbox 519 1934 631 1998; x_wconf 72' lang='lat' dir='ltr'>labia⁰</span> <span class='ocrx_word' id='word_1_68' title='bbox 666 1934 848 2017; x_wconf 88' lang='lat' dir='ltr'>pecoribus</span> <span class='ocrx_word' id='word_1_69' title='bbox 878 1933 954 1997; x_wconf 79' lang='lat' dir='ltr'>vel⁰</span> <span class='ocrx_word' id='word_1_70' title='bbox 990 1954 1088 1998; x_wconf 89' lang='lat' dir='ltr'>aures</span> <span class='ocrx_word' id='word_1_71' title='bbox 1123 1935 1182 2017; x_wconf 93' lang='lat' dir='ltr'>qui</span> <span class='ocrx_word' id='word_1_72' title='bbox 1216 1935 1253 1996; x_wconf 94' lang='lat' dir='ltr'>in</span> <span class='ocrx_word' id='word_1_73' title='bbox 1287 1933 1460 1997; x_wconf 85' lang='lat' dir='ltr'>fructibus</span> <span class='ocrx_word' id='word_1_74' title='bbox 1505 1989 1511 2000; x_wconf 83' lang='grc'><strong>,</strong></span> <span class='ocrx_word' id='word_1_75' title='bbox 1585 1943 1587 2010; x_wconf 66' lang='lat' dir='ltr'>j</span> 
     </span>
    </p>
   </div>
   <div class='ocr_carea' id='block_1_8' title="bbox 340 2022 1460 2195">
    <p class='ocr_par' dir='ltr' id='par_1_8' title="bbox 340 2022 1460 2195">
     <span class='ocr_line' id='line_1_15' title="bbox 341 2022 1460 2107; baseline -0.003 -19"><span class='ocrx_word' id='word_1_76' title='bbox 341 2025 412 2088; x_wconf 89' lang='lat' dir='ltr'>suis</span> <span class='ocrx_word' id='word_1_77' title='bbox 435 2023 725 2107; x_wconf 76' lang='lat' dir='ltr'>conprehenderit</span> <span class='ocrx_word' id='word_1_78' title='bbox 747 2023 918 2100; x_wconf 88' lang='lat' dir='ltr'>inciderit,</span> <span class='ocrx_word' id='word_1_79' title='bbox 949 2022 1020 2100; x_wconf 90' lang='lat' dir='ltr'>illa,</span> <span class='ocrx_word' id='word_1_80' title='bbox 1045 2043 1111 2105; x_wconf 90' lang='lat' dir='ltr'>que</span> <span class='ocrx_word' id='word_1_81' title='bbox 1135 2023 1350 2099; x_wconf 81' lang='lat' dir='ltr'>deformavit,</span> <span class='ocrx_word' id='word_1_82' title='bbox 1376 2022 1460 2086; x_wconf 95' lang='lat' dir='ltr'>obti-</span> 
     </span>
     <span class='ocr_line' id='line_1_16' title="bbox 340 2110 1459 2195; baseline -0.004 -19"><span class='ocrx_word' id='word_1_83' title='bbox 340 2115 423 2176; x_wconf 89' lang='lat' dir='ltr'>neat</span> <span class='ocrx_word' id='word_1_84' title='bbox 446 2115 482 2176; x_wconf 89' lang='lat' dir='ltr'>et</span> <span class='ocrx_word' id='word_1_85' title='bbox 498 2112 636 2175; x_wconf 92' lang='lat' dir='ltr'>domino</span> <span class='ocrx_word' id='word_1_86' title='bbox 652 2131 814 2195; x_wconf 92' lang='lat' dir='ltr'>pecorum</span> <span class='ocrx_word' id='word_1_87' title='bbox 830 2110 899 2174; x_wconf 87' lang='lat' dir='ltr'>alia</span> <span class='ocrx_word' id='word_1_88' title='bbox 914 2131 998 2174; x_wconf 84' lang='lat' dir='ltr'>sana</span> <span class='ocrx_word' id='word_1_89' title='bbox 1013 2112 1195 2177; x_wconf 84' lang='lat' dir='ltr'>restituere</span> <span class='ocrx_word' id='word_1_90' title='bbox 1211 2131 1281 2174; x_wconf 91' lang='lat' dir='ltr'>non</span> <span class='ocrx_word' id='word_1_91' title='bbox 1296 2115 1459 2175; x_wconf 89' lang='lat' dir='ltr'>moretur.</span> 
     </span>
    </p>
   </div>
   <div class='ocr_carea' id='block_1_9' title="bbox 369 2411 1433 2583">
    <p class='ocr_par' dir='ltr' id='par_1_9' title="bbox 369 2411 1433 2583">
     <span class='ocr_line' id='line_1_17' title="bbox 369 2411 1433 2476; baseline -0.001 -1"><span class='ocrx_word' id='word_1_92' title='bbox 369 2413 460 2476; x_wconf 90' lang='lat' dir='ltr'>IIII.</span> <span class='ocrx_word' id='word_1_93' title='bbox 477 2411 688 2475; x_wconf 75' lang='lat' dir='ltr'>TITULUS:</span> <span class='ocrx_word' id='word_1_94' title='bbox 725 2411 788 2474; x_wconf 79' lang='lat' dir='ltr'>DII</span> <span class='ocrx_word' id='word_1_95' title='bbox 819 2411 1004 2474; x_wconf 81' lang='lat' dir='ltr'>DAMNIS</span> <span class='ocrx_word' id='word_1_96' title='bbox 1034 2412 1312 2475; x_wconf 83' lang='lat' dir='ltr'>ANIMALIUM</span> <span class='ocrx_word' id='word_1_97' title='bbox 1345 2411 1433 2475; x_wconf 77' lang='lat' dir='ltr'>VEL</span> 
     </span>
     <span class='ocr_line' id='line_1_18' title="bbox 632 2517 1165 2583; baseline -0.002 -2"><span class='ocrx_word' id='word_1_98' title='bbox 632 2517 965 2583; x_wconf 68' lang='lat' dir='ltr'>DIVIIRSORIIIIIl</span> <span class='ocrx_word' id='word_1_99' title='bbox 991 2517 1165 2581; x_wconf 79' lang='lat' dir='ltr'>RERUM.</span> 
     </span>
    </p>
   </div>
   <div class='ocr_carea' id='block_1_10' title="bbox 430 2658 1463 3540">
    <p class='ocr_par' dir='ltr' id='par_1_10' title="bbox 491 2658 1463 2920">
     <span class='ocr_line' id='line_1_19' title="bbox 491 2658 1462 2742; baseline -0.001 -19"><span class='ocrx_word' id='word_1_100' title='bbox 491 2661 520 2723; x_wconf 95' lang='lat' dir='ltr'>I.</span> <span class='ocrx_word' id='word_1_101' title='bbox 556 2660 593 2723; x_wconf 80' lang='lat' dir='ltr'>Si</span> <span class='ocrx_word' id='word_1_102' title='bbox 616 2659 849 2724; x_wconf 82' lang='lat' dir='ltr'>caballusvel</span> <span class='ocrx_word' id='word_1_103' title='bbox 872 2658 1000 2722; x_wconf 89' lang='lat' dir='ltr'>animal</span> <span class='ocrx_word' id='word_1_104' title='bbox 1029 2659 1181 2723; x_wconf 89' lang='lat' dir='ltr'>alienum</span> <span class='ocrx_word' id='word_1_105' title='bbox 1211 2663 1272 2723; x_wconf 90' lang='lat' dir='ltr'>aut</span> <span class='ocrx_word' id='word_1_106' title='bbox 1303 2660 1345 2723; x_wconf 88' lang='lat' dir='ltr'>de</span> <span class='ocrx_word' id='word_1_107' title='bbox 1374 2659 1462 2742; x_wconf 87' lang='lat' dir='ltr'>lega-</span> 
     </span>
     <span class='ocr_line' id='line_1_20' title="bbox 555 2741 1463 2812; baseline -0.002 0"><span class='ocrx_word' id='word_1_108' title='bbox 555 2741 667 2812; x_wconf 79' lang='lat' dir='ltr'>mineb</span> <span class='ocrx_word' id='word_1_109' title='bbox 693 2749 859 2811; x_wconf 82' lang='lat' dir='ltr'>tollatur⁰</span> <span class='ocrx_word' id='word_1_110' title='bbox 888 2751 950 2810; x_wconf 89' lang='lat' dir='ltr'>aut</span> <span class='ocrx_word' id='word_1_111' title='bbox 973 2743 1091 2812; x_wconf 78' lang='lat' dir='ltr'>ertra‘1</span> <span class='ocrx_word' id='word_1_112' title='bbox 1116 2749 1308 2812; x_wconf 81' lang='lat' dir='ltr'>volumtate</span> <span class='ocrx_word' id='word_1_113' title='bbox 1333 2749 1463 2811; x_wconf 93' lang='lat' dir='ltr'>domini</span> 
     </span>
     <span class='ocr_line' id='line_1_21' title="bbox 555 2837 933 2920; baseline -0.011 -19"><span class='ocrx_word' id='word_1_114' title='bbox 555 2838 592 2901; x_wconf 93' lang='lat' dir='ltr'>in</span> <span class='ocrx_word' id='word_1_115' title='bbox 616 2837 731 2920; x_wconf 90' lang='lat' dir='ltr'>aliquo</span> <span class='ocrx_word' id='word_1_116' title='bbox 754 2837 933 2920; x_wconf 79' lang='lat' dir='ltr'>fatigetur.</span> 
     </span>
    </p>

    <p class='ocr_par' dir='ltr' id='par_1_11' title="bbox 430 2925 1463 3345">
     <span class='ocr_line' id='line_1_22' title="bbox 468 2925 1463 3009; baseline -0.001 -20"><span class='ocrx_word' id='word_1_117' title='bbox 468 2926 519 2989; x_wconf 94' lang='grc' dir='ltr'>ΙΙ.</span> <span class='ocrx_word' id='word_1_118' title='bbox 555 2926 593 2989; x_wconf 78' lang='lat' dir='ltr'>Si</span> <span class='ocrx_word' id='word_1_119' title='bbox 627 2926 811 3009; x_wconf 86' lang='lat' dir='ltr'>prestitum</span> <span class='ocrx_word' id='word_1_120' title='bbox 845 2925 974 2988; x_wconf 91' lang='lat' dir='ltr'>animal</span> <span class='ocrx_word' id='word_1_121' title='bbox 1009 2927 1129 2989; x_wconf 91' lang='lat' dir='ltr'>contra</span> <span class='ocrx_word' id='word_1_122' title='bbox 1161 2925 1398 2989; x_wconf 88' lang='lat' dir='ltr'>definitionem</span> <span class='ocrx_word' id='word_1_123' title='bbox 1429 2929 1463 2989; x_wconf 89' lang='lat' dir='ltr'>et</span> 
     </span>
     <span class='ocr_line' id='line_1_23' title="bbox 555 3014 1164 3096; baseline -0.007 -18"><span class='ocrx_word' id='word_1_124' title='bbox 555 3015 802 3078; x_wconf 77' lang='lat' dir='ltr'>volumtatem⁰</span> <span class='ocrx_word' id='word_1_125' title='bbox 832 3014 963 3076; x_wconf 91' lang='lat' dir='ltr'>domini</span> <span class='ocrx_word' id='word_1_126' title='bbox 985 3014 1164 3096; x_wconf 75' lang='lat' dir='ltr'>fatigetur.</span> 
     </span>
     <span class='ocr_line' id='line_1_24' title="bbox 450 3102 1463 3185; baseline 0 -19"><span class='ocrx_word' id='word_1_127' title='bbox 450 3103 520 3166; x_wconf 91' lang='lat' dir='ltr'>III.</span> <span class='ocrx_word' id='word_1_128' title='bbox 557 3103 594 3167; x_wconf 81' lang='lat' dir='ltr'>Si</span> <span class='ocrx_word' id='word_1_129' title='bbox 628 3103 754 3167; x_wconf 87' lang='lat' dir='ltr'>caballi</span> <span class='ocrx_word' id='word_1_130' title='bbox 789 3105 851 3164; x_wconf 88' lang='lat' dir='ltr'>aut</span> <span class='ocrx_word' id='word_1_131' title='bbox 885 3103 1150 3185; x_wconf 70' lang='lat' dir='ltr'>cuiuscumquee</span> <span class='ocrx_word' id='word_1_132' title='bbox 1178 3102 1336 3166; x_wconf 88' lang='lat' dir='ltr'>animalis</span> <span class='ocrx_word' id='word_1_133' title='bbox 1367 3123 1463 3167; x_wconf 90' lang='lat' dir='ltr'>coma</span> 
     </span>
     <span class='ocr_line' id='line_1_25' title="bbox 555 3191 940 3274; baseline -0.005 -19"><span class='ocrx_word' id='word_1_134' title='bbox 555 3191 612 3256; x_wconf 85' lang='lat' dir='ltr'>vel</span> <span class='ocrx_word' id='word_1_135' title='bbox 635 3192 746 3255; x_wconf 90' lang='lat' dir='ltr'>cauda</span> <span class='ocrx_word' id='word_1_136' title='bbox 767 3194 940 3274; x_wconf 85' lang='lat' dir='ltr'>turpetur.</span> 
     </span>
     <span class='ocr_line' id='line_1_26' title="bbox 430 3273 1352 3345; baseline -0.002 -2"><span class='ocrx_word' id='word_1_137' title='bbox 430 3281 520 3343; x_wconf 88' lang='lat' dir='ltr'>IIII.</span> <span class='ocrx_word' id='word_1_138' title='bbox 557 3280 594 3344; x_wconf 82' lang='lat' dir='ltr'>Si</span> <span class='ocrx_word' id='word_1_139' title='bbox 617 3281 768 3344; x_wconf 91' lang='lat' dir='ltr'>alienum</span> <span class='ocrx_word' id='word_1_140' title='bbox 792 3279 921 3343; x_wconf 90' lang='lat' dir='ltr'>animal</span> <span class='ocrx_word' id='word_1_141' title='bbox 943 3273 1136 3345; x_wconf 71' lang='lat' dir='ltr'>testiculisf</span> <span class='ocrx_word' id='word_1_142' title='bbox 1162 3280 1352 3344; x_wconf 83' lang='lat' dir='ltr'>desecetur.</span> 
     </span>
    </p>

    <p class='ocr_par' dir='ltr' id='par_1_12' title="bbox 480 3369 1136 3452">
     <span class='ocr_line' id='line_1_27' title="bbox 480 3369 1136 3452; baseline -0.006 -19"><span class='ocrx_word' id='word_1_143' title='bbox 480 3369 520 3433; x_wconf 86' lang='lat' dir='ltr'>V.</span> <span class='ocrx_word' id='word_1_144' title='bbox 557 3369 594 3432; x_wconf 83' lang='lat' dir='ltr'>Si</span> <span class='ocrx_word' id='word_1_145' title='bbox 617 3369 763 3432; x_wconf 90' lang='lat' dir='ltr'>iumenti</span> <span class='ocrx_word' id='word_1_146' title='bbox 787 3371 906 3452; x_wconf 86' lang='lat' dir='ltr'>partus</span> <span class='ocrx_word' id='word_1_147' title='bbox 930 3369 1136 3432; x_wconf 86' lang='lat' dir='ltr'>excutiatur.</span> 
     </span>
    </p>

    <p class='ocr_par' dir='ltr' id='par_1_13' title="bbox 459 3456 1463 3540">
     <span class='ocr_line' id='line_1_28' title="bbox 459 3456 1463 3540; baseline -0.002 -19"><span class='ocrx_word' id='word_1_148' title='bbox 459 3458 521 3522; x_wconf 87' lang='lat' dir='ltr'>VI.</span> <span class='ocrx_word' id='word_1_149' title='bbox 558 3457 595 3521; x_wconf 84' lang='lat' dir='ltr'>Si</span> <span class='ocrx_word' id='word_1_150' title='bbox 618 3457 862 3540; x_wconf 85' lang='lat' dir='ltr'>cuiuscumque</span> <span class='ocrx_word' id='word_1_151' title='bbox 892 3456 1077 3520; x_wconf 68' lang='lat' dir='ltr'>animalisg</span> <span class='ocrx_word' id='word_1_152' title='bbox 1107 3460 1227 3540; x_wconf 77' lang='lat' dir='ltr'>partus</span> <span class='ocrx_word' id='word_1_153' title='bbox 1258 3457 1463 3521; x_wconf 87' lang='lat' dir='ltr'>excutiatur.</span> 
     </span>
    </p>
   </div>
   <div class='ocr_carea' id='block_1_11' title="bbox 440 3538 1587 3630">
    <p class='ocr_par' dir='ltr' id='par_1_14' title="bbox 440 3538 1587 3630">
     <span class='ocr_line' id='line_1_29' title="bbox 440 3538 1587 3630; baseline -0.002 -20"><span class='ocrx_word' id='word_1_154' title='bbox 440 3546 522 3611; x_wconf 88' lang='lat' dir='ltr'>VII.</span> <span class='ocrx_word' id='word_1_155' title='bbox 559 3546 595 3610; x_wconf 81' lang='lat' dir='ltr'>Si</span> <span class='ocrx_word' id='word_1_156' title='bbox 630 3538 919 3629; x_wconf 81' lang='lat' dir='ltr'>qualiacumqueh</span> <span class='ocrx_word' id='word_1_157' title='bbox 952 3545 1116 3608; x_wconf 91' lang='lat' dir='ltr'>animalia</span> <span class='ocrx_word' id='word_1_158' title='bbox 1150 3546 1193 3609; x_wconf 91' lang='lat' dir='ltr'>ab</span> <span class='ocrx_word' id='word_1_159' title='bbox 1228 3545 1340 3610; x_wconf 85' lang='lat' dir='ltr'>invice</span> <span class='ocrx_word' id='word_1_160' title='bbox 1377 3566 1465 3630; x_wconf 72' lang='lat' dir='ltr'>ever·</span> <span class='ocrx_word' id='word_1_161' title='bbox 1586 3551 1587 3598; x_wconf 73' lang='grc'>1</span> 
     </span>
    </p>
   </div>
   <div class='ocr_carea' id='block_1_12' title="bbox 418 3637 1465 3875">
    <p class='ocr_par' dir='ltr' id='par_1_15' title="bbox 418 3637 1465 3875">
     <span class='ocr_line' id='line_1_30' title="bbox 418 3637 1465 3806; baseline 0 -19"><span class='ocrx_word' id='word_1_162' title='bbox 418 3723 520 3788; x_wconf 90' lang='lat' dir='ltr'>VIII.</span> <span class='ocrx_word' id='word_1_163' title='bbox 557 3637 782 3786; x_wconf 43' lang='lat' dir='ltr'>liinssinnum</span> <span class='ocrx_word' id='word_1_164' title='bbox 796 3722 852 3787; x_wconf 79' lang='lat' dir='ltr'>vel</span> <span class='ocrx_word' id='word_1_165' title='bbox 874 3723 1038 3785; x_wconf 92' lang='lat' dir='ltr'>iniuriam</span> <span class='ocrx_word' id='word_1_166' title='bbox 1060 3715 1268 3806; x_wconf 86' lang='lat' dir='ltr'>inpellentei</span> <span class='ocrx_word' id='word_1_167' title='bbox 1291 3716 1370 3786; x_wconf 86' lang='lat' dir='ltr'>auti</span> <span class='ocrx_word' id='word_1_168' title='bbox 1394 3723 1465 3787; x_wconf 88' lang='lat' dir='ltr'>sine</span> 
     </span>
     <span class='ocr_line' id='line_1_31' title="bbox 559 3811 1287 3875; baseline -0.001 -1"><span class='ocrx_word' id='word_1_169' title='bbox 559 3812 742 3874; x_wconf 78' lang='lat' dir='ltr'>damnum⁰</span> <span class='ocrx_word' id='word_1_170' title='bbox 772 3811 923 3874; x_wconf 86' lang='lat' dir='ltr'>alienum</span> <span class='ocrx_word' id='word_1_171' title='bbox 947 3811 1075 3874; x_wconf 90' lang='lat' dir='ltr'>animal</span> <span class='ocrx_word' id='word_1_172' title='bbox 1099 3811 1287 3875; x_wconf 89' lang='lat' dir='ltr'>occidatur.</span> 
     </span>
    </p>
   </div>
   <div class='ocr_carea' id='block_1_13' title="bbox 399 3893 1466 3964">
    <p class='ocr_par' dir='ltr' id='par_1_16' title="bbox 399 3885 1587 3964">
     <span class='ocr_line' id='line_1_32' title="bbox 399 3893 1466 3964; baseline -0.003 0"><span class='ocrx_word' id='word_1_173' title='bbox 399 3899 521 3964; x_wconf 90' lang='lat' dir='ltr'>VIIII.</span> <span class='ocrx_word' id='word_1_174' title='bbox 559 3899 595 3962; x_wconf 81' lang='lat' dir='ltr'>Si</span> <span class='ocrx_word' id='word_1_175' title='bbox 625 3894 716 3963; x_wconf 74' lang='lat' dir='ltr'>busk</span> <span class='ocrx_word' id='word_1_176' title='bbox 748 3899 882 3963; x_wconf 85' lang='lat' dir='ltr'>alienus</span> <span class='ocrx_word' id='word_1_177' title='bbox 917 3900 990 3963; x_wconf 89' lang='lat' dir='ltr'>sine</span> <span class='ocrx_word' id='word_1_178' title='bbox 1026 3893 1173 3963; x_wconf 89' lang='lat' dir='ltr'>dominil</span> <span class='ocrx_word' id='word_1_179' title='bbox 1206 3900 1466 3964; x_wconf 76' lang='lat' dir='ltr'>volumtatemm</span> 
     </span>
    </p>
   </div>
   <div class='ocr_carea' id='block_1_14' title="bbox 559 3988 957 4072">
    <p class='ocr_par' dir='ltr' id='par_1_17' title="bbox 559 3988 957 4072">
     <span class='ocr_line' id='line_1_33' title="bbox 559 3988 957 4072; baseline -0.008 -21"><span class='ocrx_word' id='word_1_180' title='bbox 559 3989 720 4072; x_wconf 88' lang='lat' dir='ltr'>operibus</span> <span class='ocrx_word' id='word_1_181' title='bbox 743 3988 957 4071; x_wconf 75' lang='lat' dir='ltr'>subiugatur.</span> 
     </span>
    </p>
   </div>
   <div class='ocr_carea' id='block_1_15' title="bbox 345 4211 1467 4584">
    <p class='ocr_par' dir='ltr' id='par_1_18' title="bbox 346 4211 1467 4308">
     <span class='ocr_line' id='line_1_34' title="bbox 452 4211 1467 4264; baseline 0.001 -12"><span class='ocrx_word' id='word_1_182' title='bbox 452 4214 511 4256; x_wconf 83' lang='lat' dir='ltr'>xv1.</span> <span class='ocrx_word' id='word_1_183' title='bbox 559 4216 581 4262; x_wconf 77' lang='lat' dir='ltr'>a)</span> <span class='ocrx_word' id='word_1_184' title='bbox 595 4215 652 4252; x_wconf 78' lang='lat' dir='ltr'>deest</span> <span class='ocrx_word' id='word_1_185' title='bbox 665 4213 714 4254; x_wconf 62' lang='lat'>122.</span> <span class='ocrx_word' id='word_1_186' title='bbox 782 4213 805 4260; x_wconf 89' lang='lat' dir='ltr'>b)</span> <span class='ocrx_word' id='word_1_187' title='bbox 819 4213 929 4253; x_wconf 81' lang='lat' dir='ltr'>fructibus</span> <span class='ocrx_word' id='word_1_188' title='bbox 944 4213 993 4255; x_wconf 74' lang='lat'>122.</span> <span class='ocrx_word' id='word_1_189' title='bbox 1060 4212 1081 4264; x_wconf 89' lang='lat' dir='ltr'>c)</span> <span class='ocrx_word' id='word_1_190' title='bbox 1096 4213 1209 4262; x_wconf 83' lang='lat' dir='ltr'>expulerit</span> <span class='ocrx_word' id='word_1_191' title='bbox 1222 4214 1271 4255; x_wconf 72' lang='lat'>122.</span> <span class='ocrx_word' id='word_1_192' title='bbox 1339 4211 1363 4262; x_wconf 89' lang='lat' dir='ltr'>d)</span> <span class='ocrx_word' id='word_1_193' title='bbox 1378 4213 1467 4253; x_wconf 68' lang='lat' dir='ltr'>astitua-</span> 
     </span>
     <span class='ocr_line' id='line_1_35' title="bbox 346 4267 493 4308; baseline 0.007 -1"><span class='ocrx_word' id='word_1_194' title='bbox 346 4267 431 4307; x_wconf 84' lang='lat' dir='ltr'>tlonem</span> <span class='ocrx_word' id='word_1_195' title='bbox 445 4267 493 4308; x_wconf 74' lang='lat'>122.</span> 
     </span>
    </p>

    <p class='ocr_par' dir='ltr' id='par_1_19' title="bbox 453 4317 1466 4369">
     <span class='ocr_line' id='line_1_36' title="bbox 453 4317 1466 4369; baseline 0.002 -10"><span class='ocrx_word' id='word_1_196' title='bbox 453 4321 523 4362; x_wconf 87' lang='lat' dir='ltr'>XVII.</span> <span class='ocrx_word' id='word_1_197' title='bbox 564 4322 586 4368; x_wconf 83' lang='lat' dir='ltr'>a)</span> <span class='ocrx_word' id='word_1_198' title='bbox 600 4321 657 4358; x_wconf 73' lang='lat' dir='ltr'>deest</span> <span class='ocrx_word' id='word_1_199' title='bbox 670 4319 719 4360; x_wconf 73' lang='lat'>122.</span> <span class='ocrx_word' id='word_1_200' title='bbox 777 4320 801 4368; x_wconf 92' lang='lat' dir='ltr'>b)</span> <span class='ocrx_word' id='word_1_201' title='bbox 815 4317 1050 4362; x_wconf 68' lang='lat' dir='ltr'>detruncationem.</span> <span class='ocrx_word' id='word_1_202' title='bbox 1112 4322 1132 4369; x_wconf 87' lang='lat' dir='ltr'>c)</span> <span class='ocrx_word' id='word_1_203' title='bbox 1147 4319 1231 4360; x_wconf 80' lang='lat' dir='ltr'>labium</span> <span class='ocrx_word' id='word_1_204' title='bbox 1244 4330 1350 4368; x_wconf 82' lang='lat' dir='ltr'>pecorum</span> <span class='ocrx_word' id='word_1_205' title='bbox 1365 4324 1405 4359; x_wconf 77' lang='lat' dir='ltr'>aut</span> <span class='ocrx_word' id='word_1_206' title='bbox 1418 4320 1466 4361; x_wconf 71' lang='lat'>122.</span> 
     </span>
    </p>

    <p class='ocr_par' dir='ltr' id='par_1_20' title="bbox 345 4373 1467 4584">
     <span class='ocr_line' id='line_1_37' title="bbox 453 4373 1467 4422; baseline -0.001 -10"><span class='ocrx_word' id='word_1_207' title='bbox 453 4375 509 4416; x_wconf 80' lang='lat' dir='ltr'>TIT.</span> <span class='ocrx_word' id='word_1_208' title='bbox 524 4373 579 4414; x_wconf 89' lang='lat'>1111.</span> <span class='ocrx_word' id='word_1_209' title='bbox 619 4374 641 4420; x_wconf 75' lang='grc' dir='ltr'>ι)</span> <span class='ocrx_word' id='word_1_210' title='bbox 655 4373 687 4411; x_wconf 75' lang='lat' dir='ltr'>ita</span> <span class='ocrx_word' id='word_1_211' title='bbox 701 4373 776 4416; x_wconf 70' lang='grc'><strong>1111,</strong></span> <span class='ocrx_word' id='word_1_212' title='bbox 836 4373 970 4422; x_wconf 67' lang='grc'><strong>11)]1311111811</strong></span> <span class='ocrx_word' id='word_1_213' title='bbox 984 4373 1049 4412; x_wconf 80' lang='lat' dir='ltr'>tollat</span> <span class='ocrx_word' id='word_1_214' title='bbox 1062 4373 1111 4414; x_wconf 72' lang='lat'>122.</span> <span class='ocrx_word' id='word_1_215' title='bbox 1166 4376 1187 4422; x_wconf 89' lang='lat' dir='ltr'>e)</span> <span class='ocrx_word' id='word_1_216' title='bbox 1201 4374 1286 4422; x_wconf 70' lang='lat' dir='ltr'>reliqua</span> <span class='ocrx_word' id='word_1_217' title='bbox 1299 4373 1401 4412; x_wconf 76' lang='lat' dir='ltr'>rubricae</span> <span class='ocrx_word' id='word_1_218' title='bbox 1410 4384 1467 4422; x_wconf 74' lang='lat' dir='ltr'>pars</span> 
     </span>
     <span class='ocr_line' id='line_1_38' title="bbox 345 4423 1466 4478; baseline 0.001 -12"><span class='ocrx_word' id='word_1_219' title='bbox 345 4427 403 4466; x_wconf 77' lang='lat' dir='ltr'>deest</span> <span class='ocrx_word' id='word_1_220' title='bbox 417 4427 466 4468; x_wconf 69' lang='lat'>122.</span> <span class='ocrx_word' id='word_1_221' title='bbox 520 4423 543 4474; x_wconf 92' lang='lat' dir='ltr'>d)</span> <span class='ocrx_word' id='word_1_222' title='bbox 558 4437 586 4465; x_wconf 84' lang='lat' dir='ltr'>ex</span> <span class='ocrx_word' id='word_1_223' title='bbox 600 4427 647 4467; x_wconf 69' lang='lat'>131.</span> <span class='ocrx_word' id='word_1_224' title='bbox 702 4428 723 4474; x_wconf 86' lang='lat' dir='ltr'>e)</span> <span class='ocrx_word' id='word_1_225' title='bbox 737 4426 907 4475; x_wconf 80' lang='lat' dir='ltr'>qualiscumque</span> <span class='ocrx_word' id='word_1_226' title='bbox 921 4427 968 4468; x_wconf 73' lang='lat'>121.</span> <span class='ocrx_word' id='word_1_227' title='bbox 1022 4426 1169 4478; x_wconf 69' lang='lat' dir='ltr'>otesticulos</span> <span class='ocrx_word' id='word_1_228' title='bbox 1184 4427 1233 4468; x_wconf 73' lang='lat'>132.</span> <span class='ocrx_word' id='word_1_229' title='bbox 1287 4428 1310 4474; x_wconf 76' lang='lat' dir='ltr'>g)</span> <span class='ocrx_word' id='word_1_230' title='bbox 1321 4427 1407 4466; x_wconf 76' lang='lat' dir='ltr'>animal</span> <span class='ocrx_word' id='word_1_231' title='bbox 1421 4427 1466 4467; x_wconf 71' lang='lat'>121.</span> 
     </span>
     <span class='ocr_line' id='line_1_39' title="bbox 347 4479 1466 4531; baseline 0.001 -11"><span class='ocrx_word' id='word_1_232' title='bbox 347 4481 370 4529; x_wconf 86' lang='lat' dir='ltr'>h)</span> <span class='ocrx_word' id='word_1_233' title='bbox 385 4480 625 4530; x_wconf 72' lang='lat' dir='ltr'>qualienumqu01213</span> <span class='ocrx_word' id='word_1_234' title='bbox 648 4480 805 4528; x_wconf 74' lang='lat' dir='ltr'>qualicumque</span> <span class='ocrx_word' id='word_1_235' title='bbox 819 4479 869 4522; x_wconf 71' lang='lat'>122.</span> <span class='ocrx_word' id='word_1_236' title='bbox 922 4480 939 4528; x_wconf 92' lang='grc'>1)</span> <span class='ocrx_word' id='word_1_237' title='bbox 952 4480 1065 4529; x_wconf 80' lang='lat' dir='ltr'>inpellunt</span> <span class='ocrx_word' id='word_1_238' title='bbox 1079 4484 1105 4519; x_wconf 83' lang='lat' dir='ltr'>ut</span> <span class='ocrx_word' id='word_1_239' title='bbox 1122 4491 1149 4519; x_wconf 78' lang='lat' dir='ltr'>ea</span> <span class='ocrx_word' id='word_1_240' title='bbox 1162 4480 1215 4531; x_wconf 73' lang='lat'>1213</span> <span class='ocrx_word' id='word_1_241' title='bbox 1237 4479 1361 4529; x_wconf 80' lang='lat' dir='ltr'>lnpeuente</span> <span class='ocrx_word' id='word_1_242' title='bbox 1375 4490 1405 4520; x_wconf 78' lang='lat' dir='ltr'>an</span> <span class='ocrx_word' id='word_1_243' title='bbox 1419 4479 1466 4521; x_wconf 70' lang='lat' dir='ltr'>Ra.</span> 
     </span>
     <span class='ocr_line' id='line_1_40' title="bbox 346 4532 967 4584; baseline -0.002 -11"><span class='ocrx_word' id='word_1_244' title='bbox 346 4533 371 4582; x_wconf 78' lang='lat' dir='ltr'>k)</span> <span class='ocrx_word' id='word_1_245' title='bbox 385 4534 425 4573; x_wconf 79' lang='lat' dir='ltr'>boo</span> <span class='ocrx_word' id='word_1_246' title='bbox 439 4533 487 4574; x_wconf 74' lang='lat'>122.</span> <span class='ocrx_word' id='word_1_247' title='bbox 541 4532 558 4584; x_wconf 93' lang='lat' dir='ltr'>l)</span> <span class='ocrx_word' id='word_1_248' title='bbox 572 4534 629 4572; x_wconf 67' lang='lat' dir='ltr'>deest</span> <span class='ocrx_word' id='word_1_249' title='bbox 642 4533 688 4576; x_wconf 85' lang='lat' dir='ltr'>Rl.</span> <span class='ocrx_word' id='word_1_250' title='bbox 742 4535 773 4584; x_wconf 82' lang='lat' dir='ltr'>m)</span> <span class='ocrx_word' id='word_1_251' title='bbox 786 4533 904 4572; x_wconf 76' lang='lat' dir='ltr'>voluntate</span> <span class='ocrx_word' id='word_1_252' title='bbox 918 4533 967 4576; x_wconf 75' lang='grc'><strong>112.</strong></span> 
     </span>
    </p>
   </div>
   <div class='ocr_carea' id='block_1_16' title="bbox 0 0 1620 5202">
    <p class='ocr_par' dir='ltr' id='par_1_21' title="bbox 0 0 1620 5202">
     <span class='ocr_line' id='line_1_41' title="bbox 0 0 1620 5202; baseline 0 0"><span class='ocrx_word' id='word_1_253' title='bbox 0 0 1620 5202; x_wconf 95' lang='lat' dir='ltr'> </span> 
     </span>
    </p>
   </div>
  </div>
 </body>
</html>
