3264 5206
274 502 277 514 ⁸
317 541 371 594 000
505 535 582 591 nux
600 535 715 593 vrsrc.
735 536 1003 592 anccnssvnm
1041 537 1092 604 VI,
1112 541 1193 608 5,15.
1209 542 1250 594 16.

317 721 425 784 fuerit
449 723 662 797 consecutus,
687 721 724 782 in
743 719 888 802 duplum
913 720 1129 803 conpellatur
1154 723 1346 786 accusatori
1368 742 1442 805 per-

318 809 458 873 solvere.
505 808 596 872 Nam
619 808 797 872 homicidii
819 828 898 872 reus
921 830 1110 891 numquam
1134 806 1270 893 potest‘l
1297 831 1369 875 esse
1393 832 1441 874 se·

318 917 430 974 curus,
456 919 534 961 oum
558 901 678 961 contra
702 917 781 962 eum
805 898 1060 961 accusationem
1077 899 1211 962 deterre
1234 898 1323 962 nulli
1347 901 1442 983 peni-

317 990 374 1050 tus
399 986 541 1050 lieentia
565 987 765 1068 denegetur.

519 1173 599 1231 XVI.
630 1173 798 1230 FLAVIUS
818 1173 1132 1230 GHINDASVINDUS
1150 1175 1237 1231 REX.

431 1287 474 1350 si
505 1287 726 1350 homicida
757 1288 808 1351 ad
838 1286 1044 1368 eclesiam
1076 1288 1320 1372 confugiat.

424 1393 663 1458 N0n1sumus
687 1392 902 1470 inmemores,
928 1394 970 1457 de
994 1394 1196 1458 homicidisa
1217 1398 1360 1458 actenus
1384 1395 1440 1458 ad-

317 1503 382 1566 que
413 1482 578 1547 maleficis
610 1475 785 1546 diversasb
820 1483 959 1565 quidem
994 1481 1111 1566 legum
1146 1485 1335 1547 sententias
1368 1504 1440 1567 pre-

318 1573 456 1636 cessisse
487 1575 522 1634 00
551 1572 649 1634 iuxta
678 1570 903 1653 qualitatem⁰
937 1571 1088 1635 isceleris
1124 1591 1228 1655 penas
1265 1593 1337 1636 esse
1367 1593 1440 1656 pre·

316 1661 459 1743 positas,
499 1680 583 1742 quas
617 1659 853 1742 unusquisque
888 1680 1006 1724 eorum
1041 1661 1238 1724 merebatur
1273 1661 1438 1744 excipere.

317 1749 459 1825 Tamen,
494 1749 575 1831 quia
604 1749 759 1830 nequitie
789 1749 892 1811 huius
923 1753 1075 1826 autores,
1112 1753 1241 1831 quanto
1272 1749 1309 1811 in
1338 1749 1439 1812 malis

317 1838 464 1922 amplius
494 1837 622 1920 promti
652 1840 747 1913 sunt,
779 1841 879 1900 tanto
911 1838 954 1901 ad
985 1838 1201 1901 evadendum
1231 1838 1440 1922 supplicium

317 1927 536 1990 hoccasioncs
553 1945 633 2008 sepe
649 1927 862 2009 pretendunt
885 1946 925 1990 ac
947 1945 982 1990 se
999 1926 1201 2010 plerumque
1218 1927 1440 1990 basilicarum

317 2015 384 2078 Dei
401 2014 600 2077 defensione
617 2013 838 2090 conmittunt,
856 2015 915 2097 qui
932 2019 1053 2078 contra
1067 2016 1222 2078 divinum
1237 2018 1439 2099 preceptum

317 2102 446 2166 scelera
476 2106 673 2186 perpetrare
700 2123 771 2165 non
795 2107 965 2166 metuunt.
1013 2104 1107 2181 Ideo,
1140 2105 1220 2186 quia
1249 2125 1439 2186 numquam

318 2191 422 2255 debet
437 2193 502 2254 hoc
518 2191 628 2254 scelus
645 2191 796 2255 inultum
811 2191 969 2274 relinqui,
995 2193 1085 2274 quod
1110 2197 1146 2256 et
1168 2193 1276 2256 vitam
1299 2193 1439 2275 perimit

318 2283 353 2343 et
383 2281 598 2362 quorundam
628 2285 760 2344 mentes
796 2281 840 2343 ad
872 2281 1022 2344 deterius
1057 2283 1258 2363 frequenter
1288 2281 1437 2365 inpellit,

316 2370 383 2431 hoc
415 2363 541 2432 omned
575 2389 636 2452 per
667 2390 768 2432 evum
798 2389 997 2432 mansurum
1031 2371 1150 2434 damus
1183 2370 1350 2433 edictum:
1387 2374 1437 2446 000,

317 2477 565 2540 quemcumque
596 2458 804 2521 homicidam
833 2478 893 2522 seu
922 2458 1117 2522 maleficum
1145 2458 1201 2523 lex
1229 2459 1343 2543 puniri
1367 2479 1440 2542 pre·

318 2545 411 2629 cipit,
442 2550 477 2610 et
500 2550 665 2630 preterea,
696 2546 755 2628 qui
779 2566 820 2610 ex
843 2567 905 2610 suo
929 2548 1094 2629 disposito
1117 2547 1172 2610 vel
1196 2547 1286 2610 male
1309 2548 1438 2610 volum-

316 2636 399 2698 tatis
424 2635 590 2698 adsensue
618 2635 690 2699 tale
713 2635 811 2698 nefas
836 2637 1030 2712 committit,
1062 2635 1160 2698 nulla
1188 2638 1280 2699 hunc
1305 2637 1437 2699 occasio

316 2723 481 2805 nullaque
511 2744 675 2807 umquam
706 2723 748 2786 ab
779 2718 866 2787 hacf
894 2725 1067 2788 sententia
1097 2727 1249 2808 potestas
1281 2728 1435 2801 excuset;

317 2813 377 2876 sed
401 2813 514 2887 etiam,
544 2812 573 2874 si
598 2813 781 2894 contigerit
805 2833 884 2876 eum
908 2814 951 2876 ad
975 2812 1085 2876 altare
1109 2816 1268 2876 sanctum
1291 2815 1437 2876 fortasse

317 2901 512 2983 confugere,
538 2921 607 2963 non
631 2902 770 2983 quidem
793 2906 969 2984 presumat
992 2922 1070 2965 eum
1095 2901 1222 2983 absque
1247 2902 1435 2966 consultug

316 2989 501 3052 sacerdotis
536 2992 735 3072 persecutor
767 2991 839 3053 eius
875 2990 1090 3067 abstrahere;
1127 2991 1285 3054 consulto
1320 2994 1437 3054 tamen

316 3079 494 3141 sacerdote
518 3098 557 3141 ac
580 3079 716 3142 reddito
740 3083 963 3154 sacramento,
993 3100 1037 3142 ne
1061 3080 1208 3142 eundem
1232 3079 1437 3143 sceleratum

316 3166 456 3249 publica
478 3168 597 3230 mortis
621 3160 736 3250 penall
764 3169 978 3243 condemnet,
1009 3169 1165 3231 sacerdos
1194 3189 1273 3232 eum
1301 3189 1363 3232 sua
1389 3169 1436 3230 in·

314 3253 471 3318 tentione
496 3255 538 3318 ab
563 3249 704 3319 altarioi
730 3254 878 3338 repellat
902 3259 937 3319 et
961 3259 1057 3320 extra
1081 3277 1198 3320 corum
1221 3258 1375 3340 proiciat,
1401 3260 1436 3320 et

316 3345 363 3407 sic
380 3342 449 3419 1110,
468 3344 526 3424 qui
543 3364 621 3406 eum
637 3345 862 3427 persequitur,
881 3346 1153 3428 conprehendat;
1172 3339 1254 3408 cuik
1273 3345 1316 3409 ab
1333 3345 1436 3408 eccle·

315 3433 366 3495 sia
389 3432 498 3496 eiecto
521 3453 591 3494 non
616 3432 701 3496 alias
725 3432 886 3496 mortales
910 3433 1039 3496 inferat
1062 3455 1177 3516 penas,
1207 3435 1273 3496 nisi
1301 3453 1436 3497 omnem

315 3520 493 3584 oculorum
527 3521 600 3584 eius
630 3522 796 3585 visionem
831 3522 1012 3605 extinguat
1047 3525 1082 3586 et
1112 3523 1160 3585 sic
1191 3524 1236 3586 ad
1266 3517 1428 3586 alioruml
1479 3579 1486 3592 ,

314 3611 480 3672 terrorem
515 3608 702 3673 infeliciter
731 3611 904 3673 victurum
935 3611 1105 3688 dimittat;
1138 3615 1321 3694 quatenus,
1354 3611 1436 3674 dum

315 3696 485 3760 malorum
508 3698 660 3780 pravitas
685 3699 852 3782 conspicit
876 3700 1066 3762 constituta
1090 3699 1156 3763 sibi
1179 3700 1349 3783 supplicia
1366 3721 1436 3783 pre-

314 3787 418 3848 terire
441 3807 511 3848 non
534 3806 642 3869 posse,
664 3786 720 3850 vel
743 3791 839 3850 metu
863 3788 977 3851 saltim
1000 3790 1143 3852 territus
1168 3811 1188 3851 a
1211 3788 1310 3852 malis
1335 3789 1435 3852 absti-

314 3877 407 3949 neat,
437 3895 502 3955 que
526 3875 616 3939 male
639 3875 840 3940 volumtatis
864 3877 1013 3940 intentio
1037 3878 1082 3940 ad
1105 3877 1278 3940 inlicitum
1301 3877 1436 3940 facinus

315 3965 437 4045 sponte
461 3968 572 4046 sepem
596 3965 790 4047 precipitat.

420 4169 731 4272 1131111ωέ)110101010101110111,
773 4227 795 4273 b)
811 4223 901 4264 diversa
916 4226 962 4268 Rl.
1004 4228 1024 4275 0)
1039 4227 1148 4274 qualitate
1163 4227 1208 4269 121.
1250 4225 1273 4275 d)
1288 4237 1377 4266 omnem
1391 4228 1437 4269 Rl.

315 4279 335 4325 e)
350 4274 470 4316 adsensum
484 4280 530 4320 Rl,
577 4279 668 4327 Qhanc
685 4279 731 4320 121.
779 4279 801 4328 g)
817 4279 942 4319 consultum
957 4280 1002 4322 121.
1051 4281 1230 4328 h)penale.
1276 4281 1292 4328 i)
1308 4281 1375 4319 altari
1388 4281 1437 4322 132.

314 4329 338 4378 k)
353 4331 452 4378 quiRl.
508 4333 633 4380 caltarum
648 4333 694 4374 121.
749 4331 878 4382 m)seR1.

317 4508 343 4574 1)
361 4508 403 4572 Cf.
421 4510 500 4573 infra
519 4508 570 4576 IX,
591 4511 624 4571 3;
647 4510 738 4576 Data,
761 4511 883 4575 ‘Koa-lyd
901 4510 942 4561 VI
946 4509 964 4576 ²,
983 4528 1010 4577 p.
1031 4513 1083 4564 375
1096 4528 1133 4577 sq.
