3198 5202
346 559 399 612 278
548 555 626 610 Lux
646 554 761 613 VISIG.
778 553 1047 610 REGCESSVIND.
1084 555 1121 623 X,
1141 559 1165 624 l,
1185 559 1263 612 6-9.

345 828 443 904 verit,
476 827 568 909 quod
598 828 710 911 portio
741 828 787 890 sit
818 828 994 902 consortis,
1027 828 1109 890 dum
1139 828 1203 890 hoc
1232 831 1293 890 aut
1320 828 1469 892 testibus

348 920 408 979 aut
431 917 626 980 iuramento
649 915 845 992 firmaverit,
871 915 959 978 aliut
982 917 1121 979 tantum
1139 919 1230 980 terre
1247 916 1338 999 paris
1355 917 1468 980 meriti

348 1005 485 1069 domiuo
513 1005 576 1079 illi,
608 1005 644 1066 in
673 1005 770 1068 cuius
797 1007 891 1068 terra
913 1005 1050 1067 vineam
1081 1003 1262 1087 plantavit,
1293 1005 1466 1080 restituat,

346 1095 382 1158 et
405 1094 465 1175 qui
488 1094 604 1176 posuit
626 1094 762 1156 vineam
779 1112 918 1156 securus
934 1088 1130 1156 obtineatd.
1178 1093 1214 1156 Si
1229 1113 1310 1156 vero
1330 1094 1468 1157 domino

347 1183 604 1246 contradicente
629 1181 848 1264 plantaverit,
879 1181 970 1245 iuste
994 1182 1116 1265 perdat
1139 1181 1199 1263 qui
1222 1202 1295 1245 rem
1319 1181 1469 1246 alienam

347 1272 485 1335 domino
516 1271 794 1334 contradicente⁰
827 1269 1008 1352 plantavit.
1063 1269 1193 1333 Similis
1223 1271 1329 1334 etiam
1360 1274 1396 1334 et
1426 1272 1468 1334 de

347 1359 490 1423 edificiis
513 1359 626 1422 forma
649 1361 813 1422 servetur.
1493 1389 1516 1427 a.

746 1511 812 1566 vu.
843 1509 1056 1579 suricum.

348 1606 390 1670 Si
413 1607 582 1671 vineam
606 1607 649 1669 iu
672 1605 819 1670 aliena
840 1609 961 1670 terra
984 1607 1080 1687 quis
1104 1606 1294 1689 plantet,
1320 1607 1364 1668 in
1388 1626 1468 1690 qua

666 1688 851 1758 sortemb
884 1715 967 1757 non
998 1695 1140 1758 habet.

454 1800 521 1880 Qui
543 1802 680 1865 vineam
703 1801 740 1862 in
764 1799 868 1865 alieni
891 1801 992 1864 fundi
1015 1801 1200 1876 territori0,
1232 1801 1268 1863 in
1299 1822 1366 1883 quo
1395 1802 1467 1885 ipse

348 1911 483 1954 consors
508 1911 577 1954 non
602 1893 663 1966 est,
695 1889 768 1953 sine
798 1890 1020 1973 permissione
1049 1889 1189 1964 domini,
1221 1890 1291 1953 sive
1315 1891 1467 1973 pervim

346 1982 407 2042 aut
434 1979 582 2042 forsitan
607 1979 746 2041 domino
770 1979 1000 2042 nescientem⁰
1028 1978 1105 2042 vela
1133 1979 1310 2053 absentef,
1335 1980 1466 2062 planta-

346 2068 443 2143 verit,
470 2067 575 2131 etiam
599 2068 627 2130 si
651 2067 683 2130 ei
704 2067 958 2131 contradictum
974 2086 1044 2129 nou
1060 2066 1176 2142 fuerit,
1193 2067 1338 2142 vineam,
1365 2088 1465 2150 quam

346 2155 528 2239 plantavit,
554 2156 708 2231 amittat;
740 2157 821 2238 quia
845 2156 1002 2218 sufficere
1027 2156 1058 2218 ei
1082 2155 1195 2232 debet,
1225 2157 1317 2237 quod
1341 2157 1386 2220 ad
1410 2156 1467 2218 du·

346 2239 525 2328 placione‘l
559 2245 608 2308 rei
640 2265 710 2308 nou
741 2244 923 2321 addicitur,
960 2244 1019 2326 qui
1055 2243 1168 2308 aliena
1202 2245 1389 2327 pervasisse
1421 2245 1466 2307 di-

346 2333 509 2396 noscitur.

347 740 375 802 si
398 739 480 822 ipse,
512 739 572 821 qui
599 739 735 802 vineam
765 737 922 822 plantat⁰
955 738 1010 802 vel
1042 739 1181 801 domum
1209 739 1305 816 facit,
1337 739 1468 821 ignora·
1577 677 1584 1078 1

1581 1155 1584 1208 i

742 2413 824 2471 VIII.
854 2413 1030 2483 ANTtQUA
1041 2424 1067 2469 a,

391 2509 450 2573 De
479 2510 698 2573 divisione
726 2513 944 2573 terrarum
971 2509 1094 2572 facta
1121 2510 1240 2574 iuter
1266 2509 1423 2574 Gotum

700 2599 838 2680 adque
868 2599 1110 2661 Romanum.

452 2704 606 2768 Divisiol
637 2705 728 2768 inter
753 2702 881 2768 Gotum
910 2707 945 2768 et
972 2705 1166 2767 Romanum
1196 2705 1291 2768 facta
1321 2706 1364 2769 de
1394 2727 1465 2790 por·

344 2793 439 2857 tione
462 2797 632 2858 terrarum
657 2793 726 2856 sive
750 2793 914 2856 silvarum
944 2793 1043 2856 nulla
1071 2794 1205 2858 ratione
1235 2794 1405 2871 turbetur,
1438 2795 1465 2857 si

344 2884 462 2946 tamen
485 2882 651 2965 probatur
675 2880 848 2946 celebrata
872 2875 1031 2957 divisiob,
1063 2903 1107 2946 ue
1136 2883 1177 2946 de
1207 2882 1340 2946 duabus
1364 2883 1465 2966 parti·

345 2970 408 3033 bus
433 2969 515 3034 Goti
546 2969 678 3052 aliquid
707 2970 791 3033 sibic
819 2970 995 3033 Romanus
1019 2975 1193 3053 presumat
1217 2974 1278 3033 aut
1301 2971 1463 3048 vindicet,

345 3063 405 3122 aut
427 3060 469 3122 de
485 3059 590 3122 tertia
605 3059 752 3122 Romani
770 3057 880 3122 Gotus
904 3059 970 3122 sibi
994 3059 1125 3141 aliquid
1149 3061 1276 3123 audeat
1299 3079 1464 3144 usurpare

345 3149 406 3210 aut
421 3147 606 3224 vindicare,
631 3149 697 3210 nisi
721 3149 812 3229 quod
836 3168 857 3211 a
879 3149 997 3210 nostra
1013 3148 1160 3212 forsitan
1183 3149 1215 3212 ei
1237 3148 1345 3212 fuerit
1366 3149 1464 3230 largi-

343 3239 417 3299 tate
442 3237 624 3312 donatum;
654 3237 715 3300 sed
738 3236 830 3318 quod
854 3257 874 3298 a
897 3236 1098 3319 parentibus
1121 3236 1176 3300 vel
1200 3241 1247 3300 aa
1272 3238 1395 3300 vicinis
1419 3238 1464 3299 di·

343 3324 455 3387 visum
479 3328 540 3401 est,
566 3325 748 3407 posteritas
771 3325 943 3388 inmutare
967 3346 1037 3389 non
1060 3328 1195 3390 temtet.

731 3477 829 3533 vuu.
860 3476 1072 3546 ANTIQUAa.

344 3570 403 3634 De
434 3571 561 3634 silvis
592 3571 709 3635 inter
738 3570 893 3635 Gotum
923 3576 964 3636 et
991 3572 1225 3636 Romanum
1255 3574 1463 3637 indivisis

807 3661 994 3724 relictis.

451 3765 504 3829 De
520 3765 623 3842 silvis,
641 3787 707 3849 que
723 3767 869 3830 indivise
885 3767 1033 3831 forsitan
1048 3769 1251 3845 resideruut,
1270 3769 1339 3832 sive
1354 3767 1463 3832 Gotus

344 3853 413 3916 sive
436 3854 612 3917 Romanus
636 3855 701 3918 sibi
725 3875 781 3919 eas
806 3850 1049 3933 adsumseritb,
1079 3857 1202 3920 fecerit
1225 3857 1372 3920 fortasse
1397 3857 1463 3920 cul-

342 3943 447 4019 turas,
473 3944 667 4020 statuimus,
691 3947 741 4020 ut,
767 3944 795 4006 si
819 3945 933 4007 adhuc
957 3945 1044 4008 silva
1067 3948 1231 4029 superest,
1257 3947 1349 4008 unde
1372 3946 1463 4029 paris

450 4117 470 4162 c)
485 4115 598 4164 plantavit
611 4117 648 4155 vel
662 4113 683 4157 d.
698 4116 753 4155 feeit
767 4117 787 4154 B
796 4116 815 4158 2.
870 4113 893 4163 d)
907 4115 1021 4164 possideat
1035 4117 1055 4154 R
1064 4118 1083 4158 2.
1138 4119 1160 4165 e)
1173 4117 1289 4157 nesciente
1303 4118 1323 4155 R
1332 4120 1350 4159 1.

354 4219 359 4230 ¹
449 4169 499 4210 v11.
540 4170 632 4217 moreat
646 4169 695 4210 122.
758 4169 780 4216 b)
796 4174 921 4209 consortem
936 4170 984 4212 Ra.
1046 4173 1066 4219 o)
1081 4171 1260 4212 nescientem.
1324 4169 1347 4218 d)
1364 4169 1463 4220 duplica·

343 4225 416 4260 nones
430 4222 511 4316 thm
552 4277 574 4322 a)
588 4276 644 4313 deest
658 4275 678 4313 R
687 4275 706 4316 2.
760 4275 783 4322 b)
798 4272 909 4314 divisione
924 4277 965 4323 (tta
974 4288 1019 4325 pro
1035 4274 1056 4319 d.
1070 4279 1108 4325 ne)
1122 4278 1168 4318 Rl.
1178 4277 1197 4318 2.
1252 4279 1272 4324 o)
1287 4279 1343 4316 deest
1357 4279 1404 4319 ΕΙ.

449 4328 523 4370 v1111.
564 4330 586 4376 a)
600 4329 657 4366 decet
671 4329 719 4370 ΒΞ.
774 4328 796 4376 b)
812 4329 843 4366 fta
856 4330 903 4370 ΕΙ.
917 4329 940 4380 2;
961 4335 985 4368 et
999 4331 1049 4372 add,
1064 4330 1085 4367 Ε
1097 4335 1115 4368 et
1130 4334 1174 4372 cett.
1189 4331 1249 4372 codd.

343 4450 475 4574 fgdssgd'
485 4451 555 4590 hIaap
565 4459 731 4590 egpesqqueates
745 4454 811 4519 lepos
824 4454 915 4520 Daha,
929 4453 1052 4519 ‘Kdaiqe'
1067 4453 1131 4520 VN,
1146 4471 1175 4521 p.
1189 4456 1223 4509 55
1236 4471 1305 4521 sqq.;
1324 4455 1460 4522 Bruaaer,

380 4563 386 4577 .
458 4564 464 4576 .
509 4562 517 4589 ,
557 4565 562 4576 .
656 4564 661 4577 .
