3198 5202
310 526 389 581 LEX
407 525 523 584 VISIG.
541 525 812 584 REOOESSVIND.
848 525 931 596 VIII,
950 529 1103 595 3,10-13.
1219 531 1272 583 239

150 710 305 794 singulos
327 711 501 774 tremisses
525 710 566 786 ei,
592 710 648 774 oui
671 710 836 773 damnum
858 709 991 773 factum
1015 712 1076 786 est,
1102 709 1272 794 conpella-

148 804 209 863 tur
232 799 398 864 exolvere.
446 797 548 863 Oerte
572 799 601 861 si
624 799 768 863 inferior
791 801 844 862 est
866 793 1034 861 ‘fortasse‘1
1056 817 1211 881 persona,
1237 801 1272 862 et

151 889 316 952 damnum
346 907 387 952 ex
414 888 551 970 integro
574 887 698 952 reddat
726 890 762 951 et
791 887 1062 970 conpositionem
1085 906 1126 950 ex
1149 887 1272 951 medie·

149 980 224 1040 tate
254 976 418 1041 restituat
446 976 558 1058 adque
581 980 653 1041 ΧΗ
681 975 821 1058 flagella
844 974 982 1058 publice
1005 977 1166 1039 extensus
1189 976 1273 1039 aoei-

151 1066 236 1149 piat.
284 1064 424 1129 sivero
448 1083 565 1128 servus
593 1065 659 1128 hoo
688 1065 761 1128 sine
788 1057 959 1127 iussionef
986 1063 1117 1127 domini
1139 1064 1271 1140 fecerit,

151 1173 252 1217 omne
269 1154 432 1216 damnum
456 1156 517 1215 aut
540 1153 613 1236 ipse
637 1155 698 1215 aut
717 1153 790 1216 eius
813 1153 971 1216 dominus
985 1152 1119 1228 reddat,
1145 1153 1273 1236 etipse

151 1263 268 1307 servus
291 1253 344 1308 LX
366 1241 506 1325 flogella
529 1241 704 1326 suscipiat.

560 1393 614 1451 xi.
644 1393 857 1463 Anrronna.

196 1489 240 1552 Si
268 1488 469 1572 quelibet
497 1489 706 1552 animalia
729 1489 773 1550 in
796 1481 1045 1552 fructibusb
1075 1489 1227 1552 damna

560 1578 859 1641 concutiant⁰.

259 1683 295 1761 Si
330 1683 515 1747 cuiuslibet
549 1683 811 1766 qualiacumque
850 1683 1013 1746 animalia
1046 1683 1182 1748 vineam
1215 1684 1271 1747 vel

151 1792 293 1836 messem
310 1766 498 1836 everteiint
514 1767 696 1849 alienaml,
720 1771 790 1850 ille,
815 1772 912 1836 onius
928 1771 1092 1835 animalia
1108 1773 1271 1835 damnum

150 1861 342 1938 intulerint,
367 1863 507 1923 tantum
521 1861 620 1925 vinee
635 1860 691 1925 vel
707 1860 782 1944 agri
798 1881 876 1924 oum
892 1860 1051 1944 frugibus
1068 1861 1141 1924 eins
1157 1861 1271 1924 meriti

152 1950 289 2013 domino
318 1950 361 2013 de
389 1969 450 2012 sno
477 1949 660 2014 restituere
683 1970 753 2012 non
777 1952 938 2026 moretur,
970 1951 1138 2032 qnantum
1165 1951 1271 2013 exter·

151 2038 320 2100 minatum
349 2057 422 2102 esse
451 2038 683 2120 cognoscitm;
714 2038 767 2100 ita
788 2040 829 2100 nt
852 2037 1006 2102 collectis
1030 2038 1188 2121 frugibus
1211 2037 1271 2102 ille

150 2126 305 2210 recipiat,
330 2126 390 2209 qui
405 2126 540 2190 dedisse
555 2127 702 2190 videtur.
750 2126 796 2188 Elt
819 2126 849 2190 si
870 2146 941 2189 non
964 2127 1126 2191 habuerit
1150 2147 1271 2210 agrum

152 2218 213 2278 ant
236 2215 372 2279 vineam
394 2216 486 2279 unde
510 2218 693 2298 conponat,
716 2217 855 2278 tantum
877 2215 988 2298 frugis
1011 2216 1144 2290 reddat,
1169 2236 1272 2298 quan-

151 2306 228 2366 tum
250 2304 287 2366 in
310 2303 426 2386 equali
448 2306 546 2386 parte
571 2304 646 2386 agri
667 2304 722 2367 vel
745 2304 844 2368 vinee
867 2303 975 2367 fuerit
999 2304 1207 2368 estimatum.

555 2455 623 2513 ΧΠ.
654 2455 867 2526 ANTIQUAe.

153 2550 195 2614 Si
219 2554 392 2634 pratum
416 2551 643 2615 defensum
666 2572 688 2613 a
710 2551 941 2634 pecoribus
965 2551 1269 2635 naufragetur.

259 2655 327 2735 Qui
349 2657 386 2720 in
409 2660 548 2740 pratum
571 2677 611 2721 eo
634 2660 799 2741 tempore,
824 2678 891 2740 quo
913 2657 1121 2733 defenditur,
1146 2677 1271 2741 peoora

151 2745 292 2822 miserit,
322 2748 363 2807 ut
390 2746 609 2829 postmodum
639 2746 684 2808 ad
707 2746 893 2810 secandum
921 2766 992 2809 non
1021 2745 1130 2829 possit
1160 2739 1265 2809 erbab

151 2853 379 2898 succrescere:
412 2834 442 2896 si
470 2854 587 2898 servus
610 2838 663 2898 est
692 2835 752 2917 qui
774 2835 839 2898 hoc
862 2834 1019 2911 iecerit⁰‚
1050 2845 1103 2899 XL
1126 2830 1267 2898 hictusd

152 2921 300 3005 accipiat
323 2921 548 3006 flagellorum,
574 2926 610 2987 et
631 2922 750 2987 fenum
774 2923 940 2987 reddatur
963 2926 1002 2985 ae
1024 2921 1163 2987 domino
1187 2923 1269 2999 eius,

151 3013 320 3093 quantum
335 3011 443 3075 fuerit
459 3011 673 3088 estimatum;
698 3013 727 3074 si
750 3011 838 3075 liber
861 3014 896 3075 et
918 3011 1092 3074 inferioris
1115 3010 1183 3075 loci
1198 3032 1271 3095 per-

152 3118 235 3162 sona
265 3099 349 3176 siti,
381 3119 441 3183 per
470 3100 538 3163 duo
569 3100 685 3183 capita
713 3099 905 3164 tremissem
929 3093 1021 3163 unof
1047 3100 1181 3176 reddat,
1206 3103 1268 3163 etg

151 3187 271 3251 fenum
297 3187 547 3252 nihilhominus
573 3189 672 3252 iuxta
694 3181 933 3252 estimationeh
959 3188 1000 3266 ei,
1025 3189 1085 3270 qui
1108 3189 1271 3251 damnum

151 3276 307 3359 pertulit,
338 3277 552 3354 redditurus;
584 3277 613 3340 si
636 3277 744 3340 maior
766 3297 846 3341 vero
869 3296 1015 3361 persona
1038 3277 1092 3354 sit,
1117 3297 1178 3361 per
1202 3277 1271 3340 dno

153 3365 268 3448 capita
297 3386 405 3428 unum
435 3365 583 3428 solidum
613 3366 737 3429 reddat
767 3368 803 3430 et
831 3366 952 3430 fenum
984 3365 1105 3429 habita
1138 3366 1270 3429 estima-

151 3452 246 3516 tione
269 3453 441 3517 restituat.

547 3535 631 3592 XIH.
661 3535 874 3606 ANTIQUAa.

153 3628 196 3692 Si
230 3629 474 3694 fructifera
508 3629 604 3694 loca
641 3631 691 3694 ab
726 3631 993 3695 animalibus
1033 3630 1271 3694 extiterint

583 3718 823 3804 dissipata.

261 3822 319 3886 Sil
353 3824 429 3906 quis
464 3824 637 3888 caballum
671 3828 733 3888 aut
766 3845 871 3909 pecus
906 3825 1057 3890 alienum
1091 3825 1128 3887 in
1160 3825 1269 3902 vinea,

152 3931 270 3989 messe,
300 3914 399 3995 prato
422 3912 478 3977 vel
502 3915 577 3976 orto
600 3914 780 3990 invenerit,
805 3934 876 3977 non
899 3913 1051 3998 expellat
1073 3913 1192 3991 iratus,
1216 3933 1269 3991 ne,

260 4063 529 4116 eenamcenam.
583 4069 604 4116 e)
619 4067 813 4120 ita1213xaff.
866 4067 1018 4116 olussolll.

153 4119 317 4220 &⁸1³0th
342 4121 365 4169 a)
378 4121 435 4159 deest
448 4121 498 4164 Μ,
565 4121 588 4170 b)
601 4121 703 4170 frugibus
717 4122 766 4164 Μ,
833 4123 853 4170 o)
868 4121 1009 4160 coucuttisnt
1022 4121 1073 4171 1213
1096 4121 1210 4160 concutiet
1223 4120 1272 4162 122.

259 4203 358 4275 nuso
372 4226 429 4265 amr
443 4226 492 4268 es.
532 4227 555 4275 s)
569 4227 640 4266 uersa
653 4228 702 4270 ns.
743 4229 763 4276 ε)
777 4227 833 4268 reon
846 4228 893 4270 121.
934 4225 958 4280 d)
971 4227 1103 4270 uictores.
1144 4228 1166 4274 e)
1179 4224 1209 4264 ad
1223 4226 1272 4267 ns.

152 4278 170 4326 l)
184 4289 253 4318 unum
267 4279 315 4321 Rs.
370 4281 393 4328 g)
406 4281 463 4318 deest
477 4281 524 4322 121.
578 4280 602 4332 h)
616 4281 781 4321 estimationem
794 4282 841 4324 122.

259 4331 322 4374 xm.
363 4335 385 4381 a)
399 4334 456 4372 amr
469 4333 518 4376 R2.

153 4436 180 4560 ἓ)
205 4437 247 4502 Of.
273 4438 341 4561 lepos
365 4445 505 4505 sequentes,
528 4445 668 4507 praetcrea
693 4439 726 4494 L.
751 4439 808 4494 Sol.
834 4441 966 4506 9‚1-3,·
998 4439 1030 4492 L.
1055 4439 1141 4505 Bury.
1168 4439 1211 4504 23,
1238 4440 1272 4500 2,-

178 4525 282 4562 rumrcr
311 4525 356 4564 ,a
