3218 5202
363 532 441 587 LEX
458 530 574 588 VISIG.
593 531 862 589 Rnoonssviitn.
899 531 938 602 H,
958 537 983 601 2,
1001 535 1027 588 4.
1046 535 1071 589 5.
1245 536 1277 590 61
1354 585 1356 592 .

159 716 213 780 vel
243 710 422 780 debiturnk
452 716 599 780 fortasse
628 716 804 794 reddatur,
836 736 914 799 pars
942 719 1098 798 utraque,
1130 716 1195 779 hoc
1226 719 1279 781 est

158 809 230 868 tam
253 805 403 889 petentis
427 825 530 888 quam
553 798 689 889 petiti¹,
720 805 771 867 ita
794 803 923 888 placito
947 805 1209 888 distringantur,
1238 808 1279 867 ut

158 894 193 956 in
217 894 408 958 constituto
432 893 488 958 die
511 896 573 957 aut
596 913 657 977 per
680 912 716 958 se
740 897 801 956 aut
824 899 916 976 perm
939 894 1172 957 mandatarios
1200 914 1278 958 suos

158 983 265 1067 presti
288 982 358 1045 sint
380 983 418 1044 in
433 982 571 1059 iudicio,
596 981 745 1064 qualiter
768 985 829 1044 aut
845 983 1080 1065 propositumn
1099 983 1279 1066 negotium

158 1072 299 1135 finiatur
322 1074 383 1134 aut
407 1071 563 1135 debitum
586 1071 807 1147 reiormetur;
840 1074 875 1134 et
898 1091 987 1155 pars,
1012 1091 1078 1154 que
1104 1070 1279 1135 distulerit

158 1161 222 1224 hac
243 1179 317 1224 sese
340 1160 385 1222 ad
400 1160 561 1244 prefinito
585 1160 640 1243 dic
664 1160 892 1243 suspenderit,
917 1162 979 1222 aut
1001 1160 1183 1224 infirmitas
1200 1181 1278 1224 eum

157 1248 211 1314 vel
246 1249 381 1312 itineris
415 1249 621 1312 necessitas⁰
655 1249 856 1332 inpedierit,
894 1248 980 1312 h00r
1018 1249 1133 1333 ipsut‘l
1171 1249 1278 1312 iudici

157 1341 217 1401 aut
242 1337 415 1402 causidico
439 1358 500 1401 suo
523 1357 593 1401 non
616 1337 829 1401 intimaverit
851 1357 962 1420 neque
983 1338 1027 1401 ad
1043 1338 1279 1421 peragendum

157 1427 335 1510 negotium
353 1427 447 1489 infra
461 1428 599 1511 tempus
615 1426 684 1489 alia
699 1426 796 1509 leger
816 1425 1065 1490 constitutuml
1080 1427 1276 1503 occurrerit,

157 1518 271 1580 stante
295 1515 444 1599 negotio,
476 1536 601 1598 penam
631 1515 751 1599 placiti
782 1515 834 1578 sui
862 1515 915 1577 illi
944 1518 1088 1598 cogatur
1111 1515 1276 1591 exolvere,

157 1625 258 1686 quern
273 1605 372 1668 iuxta
387 1625 484 1667 suam
500 1604 759 1688 promissionem
777 1603 906 1667 iudicio
930 1604 1048 1668 adesse
1072 1605 1276 1667 constiterit.

157 1691 258 1771 Quod
293 1693 322 1756 si
355 1693 459 1757 iudex
494 1693 558 1757 hec
593 1696 654 1756 aut
688 1693 760 1756 saio
793 1692 970 1776 adinplere
1005 1692 1210 1776 neglexerit,
1242 1696 1278 1756 et

156 1803 262 1844 unam
285 1785 419 1865 partem
443 1781 572 1866 placito
597 1781 817 1864 distringens,
849 1781 994 1845 alteram
1017 1781 1276 1865 pretermiserit,

156 1891 282 1954 penam
304 1870 411 1947 illam,
436 1875 558 1953 quam⁸
579 1870 680 1933 illum
700 1866 874 1932 damnarit
895 1869 1016 1946 voluit,
1041 1890 1143 1953 quem
1167 1870 1277 1933 solum

156 1961 242 2022 sulou
262 1959 391 2043 placito
408 1960 528 2035 missit,
553 1959 595 2023 de
611 1979 673 2023 suo
690 1958 876 2043 adinpleat,
903 1959 959 2022 cui
977 1958 1166 2042 placitumv
1185 1959 1277 2023 visus

156 2052 207 2113 est
239 2049 402 2131 exegisse.
450 2047 552 2112 Oerte
583 2048 612 2112 si
640 2049 678 2110 in
709 2047 834 2112 damno
864 2048 972 2131 partis
1003 2048 1145 2112 alterius
1175 2047 1277 2131 placi·

155 2140 266 2213 tumV,
297 2137 390 2219 quod
413 2137 455 2200 ab
481 2137 590 2201 altero
614 2137 737 2219 exegit,
763 2136 864 2200 alteri
886 2136 979 2219 parti
1001 2136 1105 2200 iudex
1129 2135 1183 2200 vel
1206 2137 1277 2200 saio

155 2226 347 2290 reddiderit
377 2228 438 2289 aut
467 2225 614 2290 fortasse
643 2225 776 2309 ruperit
804 2224 860 2290 vel
891 2224 1121 2301 absconderit,
1154 2245 1278 2309 penam

155 2315 305 2396 quidem,
337 2334 402 2396 que
432 2315 469 2376 in
499 2315 628 2398 placito
658 2315 788 2378 inserta
817 2314 942 2390 fuerat,
975 2313 1016 2377 de
1045 2334 1106 2377 suo
1129 2313 1183 2376 illi
1205 2335 1277 2397 per-

156 2404 276 2480 solvat,
308 2424 370 2486 pro
401 2404 498 2467 cuius
529 2423 632 2466 causa
659 2403 891 2486 conscriptum
914 2402 1082 2486 placitum
1106 2423 1177 2466 esse
1202 2423 1277 2466 con·

155 2493 288 2569 stabat;
320 2492 491 2556 actionem
513 2495 631 2556 tamen
654 2491 724 2568 ille,
750 2492 806 2554 cui
829 2491 993 2574 conpetit,
1021 2492 1277 2575 peragendamW

155 2581 304 2644 insistat.
351 2580 526 2643 Damnum
549 2600 646 2656 sane,
678 2580 770 2663 quod
799 2601 861 2663 per
888 2580 1056 2664 placitum
1075 2581 1116 2644 in
1138 2581 1276 2644 nomine

153 2669 279 2733 iudicis
301 2668 384 2733 vel¹
410 2669 536 2732 saionis
559 2669 786 2732 institutumy
814 2689 886 2733 esse
910 2669 1110 2745 dinoscitur,
1139 2689 1209 2732 non
1232 2669 1276 2732 ad

154 2759 307 2823 saionem
331 2757 388 2822 vel
417 2758 567 2822 iudicem
591 2779 632 2822 ex
655 2757 814 2821 omnibus
843 2757 1048 2840 pertinebit3
1081 2758 1150 2833 sed,
1182 2757 1275 2820 salvo

152 2847 295 2931 negotio
310 2847 493 2911 veritatem
508 2846 678 2923 habentis,
703 2847 925 2910 medietatem
948 2846 1014 2909 sibi
1034 2846 1156 2909 exinde
1172 2846 1276 2908 iudex

152 2937 228 3000 velz
258 2936 329 2998 saio
357 2938 392 3000 et
416 2935 638 2999 medietatem
668 2955 747 3018 pars
774 2935 925 3019 petentis
948 2955 1009 3018 per
1032 2935 1147 2998 omnia
1168 2934 1275 2998 vindi-

154 3026 259 3088 cabit.

122 3134 127 3146 '
360 3159 396 3216 v.
427 3158 596 3215 rnlvrus
615 3158 951 3215 cnnrnnsvnsnusa
973 3158 1061 3216 unx.

153 3271 276 3352 Quod
307 3273 356 3336 ab
387 3275 574 3354 utraque
605 3273 882 3336 causantium
912 3265 1061 3356 parteb
1094 3271 1152 3334 sit
1182 3292 1274 3353 pro-

499 3361 620 3424 batio
649 3360 923 3444 requirenda.

262 3468 448 3547 Quotiens⁰
473 3488 576 3531 causa
599 3468 748 3545 auditur,
773 3467 931 3551 probatio
955 3467 1095 3550 quidem
1118 3467 1160 3530 ab
1184 3470 1274 3528 utra-

151 3577 218 3639 que
242 3560 350 3642 parte,
376 3556 442 3620 hoe
466 3560 518 3620 est
540 3560 614 3619 tam
638 3577 658 3619 a
680 3558 821 3640 petente
844 3576 947 3638 quam
971 3556 1083 3633 abeo,
1109 3556 1168 3637 qui
1191 3555 1274 3638 peti-

150 3648 218 3724 tur,
245 3646 349 3710 debet
371 3645 509 3728 inquiri,
535 3648 570 3708 et
594 3665 659 3727 que
683 3645 792 3728 magis
814 3645 922 3727 recipi
941 3645 1075 3722 debeat,
1099 3638 1270 3707 iudicemd

151 3735 346 3799 discernere
377 3736 602 3818 conpetenter
634 3736 781 3818 oportet.
828 3732 957 3797 Tamen
988 3733 1017 3796 si
1046 3737 1127 3817 pere
1155 3732 1273 3816 proba-

149 3824 282 3887 tionem
305 3824 357 3887 rci
378 3824 507 3886 veritas
529 3815 758 3905 inuestigaref
784 3822 987 3904 nequiverit,
1011 3824 1096 3885 tunc
1120 3820 1189 3898 ille,
1214 3821 1274 3903 qui

259 3977 283 4026 lx)
297 3975 375 4017 debita
389 3978 438 4019 121.
506 3977 521 4026 l)
536 3977 576 4024 qui
590 3977 648 4026 petit
662 3978 711 4019 112.
780 3978 810 4025 m)
823 3987 864 4025 pro
879 3974 1020 4016 mandatario
1034 3987 1075 4015 suo
1090 3976 1139 4017 122,
1204 3979 1227 4024 n)
1241 3977 1273 4014 ita

150 4031 199 4073 122.
213 4031 268 4079 El;
289 4031 404 4080 proposito
419 4031 509 4081 negotio
524 4031 573 4073 Rl.
636 4033 658 4080 o)
673 4031 814 4070 necessitatis
829 4031 878 4072 Rl.
946 4031 970 4082 p)
984 4031 1029 4069 huc
1042 4031 1096 4079 1313
1119 4034 1142 4069 et
1156 4030 1199 4068 hoc
1214 4031 1273 4076 edom

150 4085 480 4127 seaetdeestzel.2.ar.2.
553 4082 782 4132 amauricum.
856 4084 1009 4131 rmeestzer.
1077 4083 1273 4132 ortanam,-

151 4149 218 4186 quem
232 4138 281 4180 Rl.
367 4139 385 4185 t)
402 4139 435 4175 tta
448 4138 497 4179 122.
511 4137 533 4175 Ε
541 4139 564 4185 1,·
586 4135 693 4177 damnare
707 4138 756 4179 111.
841 4139 864 4185 u)
883 4137 939 4175 deest
953 4137 1002 4180 Ra.
1083 4139 1107 4186 v)
1125 4135 1209 4185 placito
1223 4136 1272 4177 Rl.

150 4192 180 4239 w)
193 4189 324 4240 peragenda
339 4190 449 4230 consistat
462 4191 515 4240 1213
537 4189 689 4241 proagendsm
704 4191 717 4233 i.
732 4191 781 4233 Ra.
843 4192 867 4239 x)
881 4195 921 4229 tut
934 4191 985 4232 122.
1049 4192 1072 4240 y)
1090 4189 1216 4229 instituisso
1226 4200 1272 4238 pro

150 4243 292 4288 iessoRl.
347 4243 545 4292 tucinam.

258 4298 284 4340 V.
311 4299 333 4345 a)
347 4297 535 4338 Chlntasvinthus
550 4297 600 4348 RQ
616 4298 709 4336 eiusdem
723 4298 781 4346 regis
795 4307 871 4336 nomen
880 4297 918 4334 El
930 4297 980 4345 all.,·
994 4297 1137 4345 gloriosus
1152 4297 1272 4335 Recces-

150 4348 331 4393 svlndusBl.
378 4351 502 4400 inarum
516 4351 563 4394 Rl.
611 4348 834 4400 qouodtnmar.
888 4347 1062 4398 d)iudiceR1.
1116 4353 1137 4398 c)
1151 4349 1271 4390 coecilii.

149 4403 168 4451 1)
181 4405 215 4442 ita
229 4405 250 4443 R
259 4406 277 4446 1.
291 4405 310 4447 2.
324 4405 346 4442 E
354 4405 365 4442 1
378 4415 424 4452 pro
438 4403 578 4453 investigari.

152 4511 177 4577 l)
196 4511 238 4575 Cf.
257 4527 342 4578 supro
361 4510 400 4576 H,
416 4511 440 4578 1,
457 4511 498 4564 17.
