3264 5206
360 476 438 532 LEX
456 475 571 532 VISIG.
590 475 858 534 REOOESSVIND.
896 477 931 546 V,
950 481 976 546 5,
992 479 1087 533 7-10.
1232 478 1284 534 163

165 664 264 748 perit,
289 665 324 726 et
347 680 414 743 que
435 660 622 744 susceperit
646 663 707 724 aut
730 662 863 724 evertat
887 663 948 724 aut
970 659 1062 725 forte
1083 661 1282 745 perdiderit,

164 756 200 816 et
229 751 398 834 fugitivus
427 770 498 813 non
527 749 680 833 potuerit
709 749 871 826 inveniri,
905 749 1063 813 dominus
1094 750 1182 814 servi
1212 770 1284 833 pre·

163 844 267 904 veat⁰
301 841 565 914 sacramentum,
596 856 632 900 se
662 836 810 902 eundem
840 857 984 915 servum,
1014 841 1055 900 ut
1085 839 1282 922 susciperet,

163 950 233 993 non
264 928 404 1004 misisse,
435 929 471 991 et
495 946 574 989 cum
596 926 633 989 id
656 928 799 1010 peteret,
830 926 1015 1008 ignorasse,
1048 930 1083 992 et
1111 927 1202 990 nihil
1233 946 1284 991 oa-

163 1017 294 1081 lumnie
318 1015 547 1100 pertimescat.
595 1013 738 1079 Servum
759 1017 879 1078 tamen
902 1017 976 1078 tam
999 1015 1157 1080 dominus
1180 1035 1283 1097 quam

162 1107 238 1183 ille,
274 1106 334 1188 qui
371 1103 613 1179 commodavit,
648 1097 815 1187 querere‘¹
853 1103 1001 1168 sollicite
1037 1104 1283 1188 procurabunt.

163 1195 281 1259 Haec⁰
301 1194 422 1258 eadem
445 1195 481 1257 et
504 1192 547 1256 de
568 1185 826 1256 conmendatisf
844 1192 1050 1276 precipimus
1071 1193 1282 1257 custodiress.

559 1361 643 1418 vm.
672 1360 885 1432 ANTIQUAa.

467 1473 527 1539 De
557 1475 795 1539 reddendis
824 1475 980 1538 usuris.

1292 1575 1441 1624 rs.Cod.Eur.

271 1583 309 1648 Si
331 1582 538 1665 quicumque
565 1581 747 1665 pecuniam
771 1580 1038 1645 commodaverit
1065 1582 1109 1645 ad
1131 1601 1282 1659 usuram,
1340 1630 1378 1668 „5

163 1695 234 1736 non
250 1664 349 1756 plusb
372 1691 432 1755 per
448 1691 587 1745 annum,
612 1690 716 1752 quam
730 1672 800 1733 tres
817 1668 966 1751 seliquas
990 1670 1033 1734 de
1056 1671 1158 1733 unius
1182 1671 1284 1735 solidi
1380 1660 1385 1670 '

162 1763 349 1846 pascatur⁰
376 1759 500 1835 usuris,
532 1758 561 1822 si
589 1761 707 1823 tamen
736 1757 853 1834 fuerit,
885 1758 977 1822 unde
1008 1759 1119 1823 detur.
1165 1758 1211 1822 Elt
1240 1760 1283 1824 de

163 1851 295 1914 solidus
319 1851 397 1912 octo
420 1868 548 1911 nonum
574 1845 723 1911 solidum
747 1846 917 1923 creditori,
947 1847 1006 1928 qui
1033 1848 1216 1930 pecuniam
1239 1849 1284 1911 ad

162 1959 303 2003 usuram
326 1937 433 2012 dedit,
458 1935 604 2012 exolvat,
629 1939 664 1999 et
688 1935 736 1998 sic
752 1954 921 1999 summam
935 1936 1081 2019 pecunie
1105 1939 1140 2000 et
1162 1956 1283 2001 usuras

162 2028 233 2104 ille,
265 2026 325 2109 qui
354 2025 506 2101 dederat,
538 2045 559 2087 a
581 2023 737 2088 debitore
766 2024 921 2107 recipiat.
967 2022 1068 2102 Quod
1098 2025 1127 2088 si
1157 2025 1283 2089 cautio-

163 2110 270 2180 nem<¹
296 2114 390 2178 ultra
414 2114 553 2177 modum
576 2112 733 2196 superius
756 2113 1029 2195 conprehensum
1057 2133 1119 2196 per
1141 2115 1283 2178 necessi-

162 2208 274 2270 tatem
309 2202 526 2286 suscipientis
562 2201 711 2265 creditor
741 2200 936 2278 extorserit,
973 2201 1129 2266 condicio
1164 2206 1284 2267 contra

163 2293 258 2375 leges
287 2292 418 2356 inserta
439 2311 510 2353 non
531 2289 657 2354 valeat.
705 2289 742 2354 Si
770 2289 847 2371 quis
877 2293 993 2354 autem
1024 2294 1144 2354 contra
1172 2291 1283 2355 hordi-

163 2382 360 2446 nationern⁰
387 2381 478 2443 hanc
501 2379 634 2454 fecerit,
659 2398 735 2442 eam
757 2399 839 2455 rem,
870 2398 972 2460 quam
997 2380 1282 2456 commodaverat,

163 2469 319 2553 recipiat,
344 2472 469 2550 etque
493 2470 594 2531 caute
617 2466 758 2531 fuerant
780 2466 817 2529 in
840 2465 938 2531 nullo
961 2466 1140 2531 solvantur
1169 2488 1281 2533 usure.

550 2654 649 2711 vnn.
679 2653 891 2725 aurnuns.
936 2625 939 2630 ’

499 2766 559 2831 De
588 2767 734 2831 usuris
763 2767 947 2850 frugum.

272 2885 444 2956 Quicumque
461 2885 554 2954 fruges
574 2873 687 2937 aridas
703 2876 738 2937 et
756 2883 891 2953 humidas,
909 2883 1003 2938 idest:
1023 2885 1118 2937 vinum
1136 2885 1435 2955 ecoleum,11„1²0m.1'o.

162 2959 207 3012 vel
229 2957 422 3027 quodcumque
445 2973 552 3011 annone
575 2973 661 3026 genus
684 2956 763 3010 alteri
785 2954 1007 3024 commodaverit,
1030 2972 1086 3008 non
1108 2955 1169 3024 plus
1192 2956 1226 3009 ab
1248 2939 1454 3041 eostsspffist‘

163 3033 276 3098 propter
294 3026 401 3082 usurab
424 3045 507 3096 quam
524 3027 634 3082 tertiam
653 3030 760 3096 partem
778 3026 927 3096 accipisse,
950 3027 1045 3094 idest,
1065 3029 1096 3079 ut
1114 3043 1196 3095 super
1214 3025 1281 3080 duos

163 3117 268 3172 modios
297 3116 344 3185 qui
371 3116 477 3185 accepit
505 3115 617 3169 tertium
644 3114 749 3171 reddat.
790 3113 879 3184 Quam
903 3102 1016 3186 legem
1039 3114 1075 3168 ad
1097 3115 1167 3168 solas
1190 3113 1282 3183 fruges

163 3205 328 3276 precipimus
355 3189 506 3274 pertinere3
536 3213 618 3256 nam
648 3193 690 3256 de
720 3203 837 3272 pecunia
861 3201 1059 3258 commodatad
1093 3191 1282 3256 secundum

162 3282 374 3365 superiorem
396 3281 509 3365 legem
531 3281 645 3346 valere
670 3284 705 3344 et
728 3280 908 3345 observare
932 3300 1119 3344 censemus.

580 3451 616 3508 x.
648 3449 860 3520 ANTIQUAa.

186 3565 264 3629 Oui
295 3564 484 3629 debeant
513 3566 784 3629 testamenta
812 3563 881 3628 vel
912 3563 1133 3649 scripture
1163 3583 1256 3628 oon-

510 3653 711 3716 mendate
740 3652 934 3716 restitui.

269 3751 671 3824 Testamentum1habb
699 3779 749 3835 eo,
781 3758 837 3822 cui
866 3757 975 3823 fuerit
1004 3757 1280 3834 conmendatum,

163 3852 283 3932 postea
312 3868 415 3931 quam
442 3848 508 3912 hoc
532 3851 613 3911 ante
636 3850 743 3911 testes
772 3845 1011 3930 publicaverit,
1042 3847 1133 3910 siout
1163 3848 1216 3910 est
1245 3846 1282 3908 in

270 4040 291 4085 c)
304 4037 461 4086 prenestae,
502 4033 525 4085 d)
539 4037 656 4085 requirere
665 4035 774 4077 solliciter
788 4037 835 4078 121.
876 4039 897 4085 e)
911 4036 960 4076 Hac
974 4037 1020 4078 Rl.
1060 4033 1215 4084 ocomodatis
1229 4036 1280 4086 1315
1352 4029 1362 4038 ''

162 4089 309 4130 commodatis
324 4091 372 4133 El.
426 4092 448 4140 g)
463 4087 573 4130 custodiri
586 4090 634 4132 Ra.

270 4144 333 4186 VIII.
373 4144 528 4192 naccam.
595 4142 788 4192 b)smpllusRl.
856 4139 1282 4193 c)sra131.aE1;poscstEa.A.

162 4194 187 4243 d)
201 4197 329 4247 captionem
343 4197 389 4240 ΕΙ.
443 4199 465 4245 e)
478 4194 638 4236 hordlnstione
651 4197 698 4238 121.

270 4250 345 4293 VIIII.
385 4252 407 4298 a)
421 4249 478 4289 docet
491 4251 540 4293 Ra
587 4249 610 4298 b)
625 4259 715 4288 usuram
729 4248 778 4291 Ba,
826 4250 846 4296 c)
862 4248 957 4298 recipiar
970 4248 1018 4291 122.
1068 4245 1092 4296 d)
1106 4245 1222 4287 commoda
1235 4248 1282 4290 Rl.

270 4303 296 4346 11
336 4303 492 4351 asemas.
545 4303 737 4351 neanias.

163 4445 190 4511 1)
208 4445 249 4510 ef.
270 4444 362 4513 narn,
385 4445 493 4511 «111119.
511 4444 598 4500 stua’
614 4462 643 4513 p.
657 4445 716 4499 138.
