3218 5202
345 549 380 602 70
548 543 627 599 LEX
644 541 761 601 VISIG.
779 539 1049 599 Rsccnssvmn.
1084 539 1260 611 11,3‚·1-s.

345 721 501 794 causum¹
535 746 597 811 per
626 746 842 810 quacumque
875 725 1112 791 definitionem
1147 723 1309 806 consequi
1339 723 1464 808 potuit,

344 817 477 902 perdat,
502 819 538 880 et
560 816 742 880 mandator
764 815 888 880 iudicis
911 813 1079 878 instantia
1100 833 1174 878 rem
1197 812 1263 878 sibi
1282 815 1465 896 conpeten-

343 909 448 972 temm
471 904 628 988 accipiat.

742 1107 825 1166 vm.
856 1105 1065 1178 surrqum.

344 1242 416 1320 Ut,
446 1242 482 1306 si
509 1244 705 1308 mortuus
732 1239 874 1305 fuerit
902 1240 975 1324 qui
1002 1240 1253 1305 mandatum
1279 1238 1465 1321 aceepit,

345 1331 610 1395 commodum
647 1328 721 1394 illi
759 1329 960 1481 debitunss
999 1328 1183 1394 heredes
1222 1326 1315 1392 eius
1354 1326 1465 1390 acci·

836 1437 971 1501 pran.

452 1541 542 1622 Qui¹
564 1542 768 1606 mandatnm
790 1540 876 1606 fecit
899 1542 928 1605 si
951 1544 1107 1605 mortuus
1130 1539 1247 1616 luerit,
1279 1541 1467 1621 antequam

346 1651 449 1696 causa
472 1631 617 1708 dicatur,
648 1630 861 1706 mandatum,
892 1630 985 1712 quod
1007 1629 1148 1706 fecerat,
1173 1648 1243 1692 non
1266 1627 1398 1704 valeat;
1431 1630 1467 1692 et

344 1721 405 1803 qui
420 1720 623 1783 mandatum
638 1719 789 1803 suscepit
808 1719 847 1794 si,
871 1722 1056 1801 antequam
1072 1737 1176 1783 causa
1192 1716 1336 1794 dicatur,
1358 1715 1467 1780 fuerit

344 1811 455 1873 morte
486 1810 680 1893 preventus,
712 1807 916 1871 mandatum
945 1806 1079 1870 nullam
1102 1805 1231 1871 habeat
1253 1804 1465 1868 firmitatem.

346 1895 447 1975 Quod
470 1897 508 1973 si,
534 1899 719 1978 antequam
741 1900 941 1971 moreretur,
966 1915 1104 1959 causam
1126 1894 1252 1958 dixisse
1275 1893 1468 1956 dinoscitur

347 1986 457 2067 adque
480 1977 561 2068 perb
589 2005 686 2048 suam
708 1984 911 2048 instantiam
935 1984 978 2048 ad
1002 1976 1108 2048 finesl
1135 2002 1243 2065 usque
1267 1980 1461 2064 legitimos⁰

346 2073 554 2158 perduxisse,
571 2075 749 2150 ettamen,
767 2092 981 2155 quocumque
998 2067 1100 2136 casud
1118 2071 1367 2147 intercedente,
1392 2089 1467 2134 nec-

347 2163 431 2226 dum
453 2161 614 2246 perfinita
635 2180 690 2226 res
713 2164 774 2225 aut
798 2165 918 2226 exacta
939 2161 1115 2237 remansit,
1139 2161 1168 2224 si
1191 2161 1236 2224 ad
1259 2160 1348 2223 huc⁰
1375 2158 1466 2222 forte

346 2251 534 2316 terminum
563 2250 670 2315 fuerit
700 2270 803 2314 causa
832 2250 992 2326 deducta,
1023 2270 1090 2332 quo
1114 2246 1282 2325 camille,
1314 2248 1375 2330 qui
1406 2266 1466 2332 per

347 2340 550 2403 mandatum
561 2332 720 2403 secutusf
734 2340 796 2415 est,
813 2339 883 2402 iam
896 2341 977 2402 ante
994 2336 1287 2414 adceleraveratss,
1305 2327 1463 2400 omnemh

347 2427 492 2504 lucrum,
523 2428 615 2510 quod
644 2428 718 2511 ipse
745 2426 861 2491 iuerat
891 2426 1083 2503 habiturus,
1115 2425 1300 2491 heredibus
1325 2425 1399 2490 eius
1423 2416 1459 2486 ai

347 2516 558 2580 mandatoris
582 2516 738 2599 partibus
762 2515 968 2580 exsolvatur.

539 2755 638 2812 VIIII.
667 2753 837 2812 Fulvius
856 2754 1170 2812 OHINDASVINDUS
1189 2755 1277 2812 REX.

349 2885 564 2968 Qualibus
592 2887 792 2972 personis
822 2889 1028 2971 potentes
1058 2889 1100 2950 et
1131 2885 1337 2968 qualibus
1368 2905 1468 2970 pau·

415 2995 540 3060 peres
569 2975 895 3061 prosequendas
923 2975 1123 3040 actiones
1151 2975 1399 3058 iniungant.

454 3099 576 3164 Nulli2
605 3099 709 3163 liceat
738 3099 935 3183 potentiori,
967 3119 1070 3181 quam
1097 3099 1170 3182 ipse
1194 3101 1256 3176 est,
1288 3097 1369 3180 qui3
1392 3116 1469 3162 eon-

348 3189 469 3264 mittit,
494 3208 631 3252 causum
654 3208 750 3252 suam
773 3186 891 3250 nullua
918 3189 1053 3252 ratione
1081 3188 1305 3262 committere,
1334 3189 1375 3248 ut
1397 3207 1470 3250 non

349 3276 481 3360 equalis
504 3276 570 3340 sibi
593 3277 666 3340 eius
682 3277 790 3360 possit
805 3277 962 3359 potentia
977 3276 1124 3359 opprimi
1138 3275 1194 3340 vel
1210 3275 1342 3340 terreri.
1377 3274 1469 3337 Nam

349 3366 454 3430 etiam
477 3365 506 3428 si
528 3367 651 3448 potens
675 3384 752 3428 curn
775 3384 961 3448 pauperem
984 3384 1121 3428 causam
1145 3364 1316 3441 habuerit,
1348 3367 1384 3428 et
1407 3383 1469 3446 per

349 3473 387 3518 se·
416 3446 586 3517 asserereb
616 3452 782 3531 noluerit,
815 3474 886 3517 non
916 3453 1017 3517 aliter
1047 3474 1149 3535 quarn
1180 3453 1294 3535 equali
1324 3452 1470 3536 pauperi

349 3545 410 3606 aut
432 3541 579 3605 fortasse
602 3541 758 3606 inferiori
781 3563 802 3605 a
824 3545 986 3626 potente⁰
1006 3542 1136 3625 poterit
1160 3561 1263 3606 causa
1286 3540 1468 3604 committi.

348 3629 484 3713 Pauper
506 3649 597 3706 vero,
630 3630 659 3693 si
681 3629 838 3708 voluerit,
869 3633 942 3693 tam
972 3630 1109 3714 potenti
1132 3650 1229 3694 suam
1253 3649 1391 3694 oausam
1415 3628 1469 3692 de·

349 3719 430 3783 beat
453 3718 675 3796 committere,
707 3739 810 3802 quam
839 3722 962 3802 potens
991 3717 1053 3782 ille
1082 3721 1144 3795 est,
1175 3739 1253 3782 cum
1276 3738 1343 3799 quo
1366 3737 1469 3800 nego·

348 3807 438 3870 tium
460 3807 598 3871 ridetur
621 3807 756 3872 habere.

455 4032 472 4083 l)
486 4043 554 4072 causa
567 4033 588 4072 R
597 4033 616 4074 2.
670 4037 701 4082 m)
715 4036 862 4082 conpetenter
875 4033 921 4075 ΕΙ.

456 4086 519 4128 VIII.
552 4088 574 4133 a)
588 4086 644 4125 deest
657 4087 706 4129 Rs.
751 4086 774 4133 b)
788 4084 818 4125 ad
831 4085 887 4125 flues
902 4097 943 4134 per
956 4096 1019 4125 suam
1034 4086 1164 4126 instantiam
1179 4086 1226 4128 ΕΙ,
1267 4087 1287 4133 c)
1301 4085 1408 4134 legitimis
1423 4085 1469 4126 121.

349 4138 373 4188 d)
387 4149 455 4180 causa
469 4137 648 4180 intercedentem
661 4141 708 4183 121.
789 4141 809 4187 e)
828 4140 860 4176 ita
878 4139 991 4190 R1.E1;
1015 4140 1076 4178 hunc
1094 4139 1142 4182 Ra.
1217 4138 1404 4190 osusceptus
1423 4138 1469 4178 121.

349 4195 372 4242 g)
385 4193 554 4234 acceleraverat
567 4193 616 4234 122.
631 4193 656 4234 li.
710 4193 734 4240 h)
748 4202 813 4231 omne
827 4192 876 4234 Ra.
929 4193 946 4240 i)
960 4193 1017 4231 deest
1030 4193 1077 4234 ΕΙ.

456 4246 531 4289 VIIII.
572 4245 654 4294 a)u11a
668 4245 716 4288 Rs.
770 4245 793 4292 b)
807 4243 913 4286 adserere
927 4245 975 4288 Ra.
1030 4247 1051 4294 c)
1064 4249 1180 4294 potentem
1194 4245 1240 4286 ΒΣ.

350 4438 377 4506 1)
395 4440 437 4503 Cf.
456 4440 488 4494 L.
506 4440 581 4493 Rem.
596 4439 651 4493 Vis.
669 4439 697 4494 C.
714 4438 763 4493 Th.
781 4439 820 4504 II,
841 4441 884 4506 12,
899 4442 958 4494 1.7.
1030 4439 1058 4506 2)
1077 4440 1118 4504 Cf.
1138 4441 1203 4495 ibid.
1221 4441 1261 4504 II,
1281 4441 1323 4494 14.
1343 4447 1367 4492 et
1384 4456 1470 4507 supra

349 4510 389 4576 II,
409 4513 435 4578 2,
455 4512 481 4577 8,
498 4528 527 4578 p.
540 4512 583 4564 64.
656 4509 683 4576 3)
700 4511 915 4577 Ecrpcctcvcrb:
939 4525 1057 4576 quocum
1077 4525 1186 4563 causam
1204 4509 1296 4564 babet.
