3214 5198
318 561 371 614 320
776 553 983 610 APPENDIX.

319 740 506 823 negaverit,
532 739 772 824 comprobetur
796 740 837 816 ei,
862 743 898 804 et
920 740 1045 804 reddat
1061 739 1216 824 duplum.
1263 739 1301 803 Si
1324 743 1443 803 autem

320 829 597 893 commendatum
628 828 694 892 sibi
724 829 768 891 ad
799 829 1064 892 custodiendum
1092 828 1267 913 peculium
1294 848 1443 912 persua

319 917 541 1000 neglegentia
563 917 754 1001 perdiderit
776 917 933 998 quolibet
955 917 1060 992 furto,
1087 918 1251 981 restituat
1275 918 1367 1000 quod
1391 936 1443 980 ao-

320 1007 421 1090 cepit.
458 1004 558 1083 Quod
581 1005 610 1069 si
634 1025 730 1069 suam
754 1009 789 1069 et
808 1005 956 1070 alienam
973 1006 1163 1090 perdiderit
1179 1026 1326 1082 causam,
1351 1005 1441 1069 nihil

321 1096 403 1180 dare
427 1097 580 1176 cogatur.

427 1179 502 1262 (13),
538 1182 695 1246 XVIIII.
737 1182 774 1246 Si
802 1183 877 1266 quis
901 1181 1038 1246 serbum
1061 1183 1222 1266 fugacem
1245 1183 1442 1247 venientem

321 1273 364 1335 ad
381 1291 417 1336 se
433 1273 631 1356 susceperit,
657 1271 728 1334 sive
743 1271 967 1335 tributarium
991 1272 1062 1336 sive
1078 1272 1224 1348 serbum,
1250 1274 1285 1335 et
1308 1273 1381 1354 ipse
1405 1292 1440 1336 se

321 1360 447 1424 dixerit
469 1359 616 1423 liberum
634 1380 715 1436 esse,
741 1361 892 1423 adducat
915 1381 993 1424 eum
1018 1363 1098 1423 ante
1122 1360 1270 1444 priorem
1290 1360 1441 1423 civitatis

321 1451 382 1512 aut
405 1451 487 1512 ante
509 1451 580 1512 tres
600 1448 656 1513 vel
680 1452 853 1532 quattuor,
879 1451 960 1512 ante
984 1469 1128 1532 quorum
1152 1449 1381 1533 praesentiam
1405 1470 1440 1513 se

320 1539 510 1620 ingenuum
540 1537 644 1600 dicat.
691 1537 736 1599 Fit
763 1538 983 1621 postmodum
1011 1537 1041 1600 si
1068 1558 1147 1600 eum
1177 1538 1335 1601 dominus
1359 1557 1440 1600 suus

320 1625 491 1689 invenerit
514 1628 550 1690 et
573 1625 782 1710 probaberit,
814 1627 906 1709 quod
934 1627 1052 1690 serbus
1080 1626 1188 1709 ipsius
1211 1627 1328 1702 fuerit,
1353 1630 1389 1690 et
1412 1626 1441 1688 si

320 1714 428 1778 fuerit
451 1715 621 1790 inventus,
651 1715 689 1790 is,
715 1715 876 1796 quicum
901 1719 982 1779 ante
1004 1718 1112 1778 testes
1136 1716 1295 1798 suscepit,
1327 1714 1440 1798 ipsum

320 1805 458 1866 tantum
482 1803 593 1866 solum
616 1804 741 1867 reddat
765 1803 903 1867 domino
928 1824 999 1866 suo.

428 1887 503 1972 (14).
538 1893 616 1954 XX.
653 1891 690 1955 si
706 1891 892 1956 cuiuslibet
914 1892 1120 1956 tributarius
1137 1892 1274 1956 duxerit
1296 1891 1441 1954 tributa·

320 1980 407 2043 riam
424 1980 572 2043 alienam
588 2000 728 2044 uxorem
744 1983 780 2044 et
795 1982 1026 2065 procreaverit
1043 1980 1131 2045 filios
1148 2000 1188 2045 ex
1206 2001 1255 2056 ea,
1280 1980 1442 2043 medieta-

320 2072 391 2133 tem
421 2069 463 2131 de
491 2069 571 2131 filiis
598 2069 703 2132 tollat
730 2072 829 2152 pater
853 2073 888 2134 et
912 2069 981 2132 alia
1008 2071 1230 2133 medietatem
1254 2089 1348 2132 uxor.
1395 2068 1443 2131 Et

322 2157 350 2219 si
375 2157 559 2221 cuiuslibet
583 2157 709 2220 ancilla
736 2158 858 2222 tulerit
882 2158 1019 2222 serbum
1044 2159 1204 2234 alienum,
1234 2177 1351 2221 omnes
1377 2157 1441 2219 filii

321 2248 467 2308 matrem
506 2250 702 2328 sequantur,
739 2250 775 2311 et
810 2246 968 2310 dominus
1008 2248 1081 2311 eius
1119 2246 1274 2310 mulieris
1313 2246 1443 2309 habeat

322 2354 448 2397 omnes.
