3198 5202
109 2360 133 2396 a.

110 3277 133 3314 a.

351 503 427 557 LEX
446 503 561 559 VISIG.
580 503 848 558 Reconssvlno.
885 504 920 570 X,
940 508 964 570 2,
984 507 1008 559 5.
1023 507 1052 568 63
1072 508 1097 560 3.
1232 507 1284 559 287

309 687 539 770 Exemplar
570 687 760 770 epistole
790 686 1134 749 informationis.

271 793 338 856 ille
369 794 472 857 iudex
501 793 554 855 illi
585 793 705 857 saioni.
756 792 988 855 Informamus
1018 797 1067 868 te,
1099 799 1139 856 ut
1169 793 1282 857 locum

163 882 273 956 illum,
299 902 400 963 quem
423 882 482 946 ille
505 882 667 965 repetite,
693 885 728 945 et
752 903 844 945 nunc
868 883 905 943 in
921 882 1072 946 dominio
1093 882 1186 945 illius
1211 902 1282 946 esse

162 970 309 1046 videtur,
341 971 438 1032 iuxta
468 971 554 1052 legis
585 971 740 1034 ordinem
771 990 885 1033 coram
916 970 1050 1034 duobus
1081 974 1142 1034 aut
1171 972 1282 1034 tribus

163 1059 322 1142 ingenuis
346 1058 399 1120 illi
424 1060 603 1141 consignes
627 1062 704 1123 octo
724 1062 863 1122 tantum
880 1059 1000 1122 diebus
1024 1059 1280 1142 possidendum;

163 1148 213 1210 ita
248 1151 302 1221 ut,
339 1149 367 1210 si
403 1147 534 1229 aliquid
568 1148 616 1211 ibi
651 1148 868 1231 repositionis
903 1148 1073 1210 habeatur
1108 1152 1142 1211 et
1178 1148 1281 1211 anulo

164 1236 294 1298 domini
324 1229 402 1299 suih
429 1257 499 1298 non
529 1240 580 1300 est
604 1237 787 1318 signatum,
819 1240 958 1319 propter
982 1237 1206 1300 auferendam
1230 1256 1281 1300 ex-

164 1326 376 1388 cusationem
410 1325 632 1388 rationalium
667 1346 727 1408 per
761 1325 839 1388 illos
874 1328 951 1388 octo
982 1326 1054 1388 dies
1085 1325 1189 1387 anulo
1219 1328 1281 1387 tuo

162 1417 301 1476 maneat
325 1413 560 1496 obsignatum;
587 1418 688 1478 antes
707 1434 787 1478 vero
811 1413 900 1475 nihil
917 1413 1039 1477 exinde
1063 1414 1281 1495 aliquatenus

163 1502 351 1565 auferatur.

244 1672 295 1728 VI.
327 1672 495 1726 FLAVIUS
516 1672 755 1729 GrLOItIOSUSa
777 1671 1086 1727 REOOESSVINDUS
1106 1671 1192 1728 REX.

198 1785 258 1848 Ne
286 1785 536 1848 tricennale
563 1789 733 1869 tempus
762 1786 964 1868 inpediat
992 1778 1239 1868 religatisb.

269 1890 407 1968 Quanto
446 1893 611 1975 pressuris
654 1892 809 1956 condicio
851 1895 1042 1974 urgueture
1089 1887 1278 1968 humanal,

161 1982 261 2044 tanto
285 1980 403 2043 multis
427 1982 585 2045 remediis
608 1981 825 2044 clementiam
842 1980 1066 2064 principalem
1082 1981 1280 2044 necessitati

162 2069 338 2132 consulere
356 2070 455 2133 decet
471 2071 631 2133 humane.
668 2068 885 2152 Quapropter
901 2090 979 2132 cum
995 2069 1138 2151 quisque
1154 2069 1280 2132 nobilis

161 2158 273 2239 adque
302 2158 445 2221 inferior
474 2159 645 2241 ingenuus
676 2159 746 2222 sive
777 2159 882 2222 etiam
906 2179 1021 2222 servus
1045 2158 1140 2239 regio
1163 2158 1274 2220 iusso⁸

160 2246 197 2308 in
222 2247 412 2310 custodiam
436 2247 492 2310 vel
515 2248 551 2309 in
575 2248 716 2311 exilium
740 2247 893 2311 extiterit
918 2248 1113 2330 deputatus,
1146 2249 1180 2310 et
1205 2267 1280 2309 con·

159 2335 275 2414 tingat
310 2356 388 2398 eum
420 2336 625 2418 quandoque
661 2339 722 2398 aut
756 2335 996 2399 liberationem
1030 2335 1183 2398 invenire
1219 2338 1280 2398 aut

161 2415 227 2487 adf
243 2429 325 2486 suaa
343 2424 433 2487 bona
448 2426 582 2500 reverti,
603 2425 652 2487 sia
669 2430 918 2506 quamcumque
934 2443 1006 2487 rem
1022 2424 1058 2484 in
1073 2423 1279 2506 repetitione

159 2513 299 2575 videtur
322 2514 458 2588 habere,
483 2534 553 2576 non
576 2513 657 2575 illut
680 2517 817 2596 tempus
836 2532 897 2594 pro
914 2510 1098 2576 tricennali
1114 2512 1168 2575 vel
1184 2513 1279 2593 quin-

160 2601 362 2683 quaginerio
394 2623 560 2665 annorum
590 2623 733 2665 numero
768 2602 804 2663 in
835 2601 907 2663 eius
939 2601 1073 2664 actione
1104 2600 1277 2682 iungatur,

161 2691 253 2772 quod
276 2689 348 2773 ipse
373 2691 409 2752 in
433 2691 625 2754 custodiam
648 2690 702 2754 vel
726 2691 763 2751 in
780 2688 919 2752 exilium
943 2689 1049 2752 fuisse
1074 2689 1277 2764 dinoscitur;

161 2779 221 2842 sed
251 2783 410 2842 remotos
442 2779 536 2842 omni
566 2779 648 2841 illoa
675 2783 839 2861 tempore,
871 2798 938 2859 quo
969 2778 1145 2841 evidenter
1169 2778 1279 2840 eidem

161 2887 305 2950 persone
335 2868 372 2930 in
399 2867 564 2951 pressuris
589 2871 624 2931 et
646 2868 683 2930 in
707 2866 851 2950 penuria
879 2866 1066 2929 constitute
1095 2865 1160 2928 sibi
1189 2866 1279 2929 debi-

160 2959 236 3018 tum
259 2957 437 3039 negotium
461 2957 558 3039 sequi
580 2977 650 3019 non
672 2956 781 3018 licuit.
829 2953 882 3018 De
906 2958 1020 3018 cetero
1044 2954 1140 3016 iuxta
1163 2954 1279 3036 legum

161 3045 300 3108 decreta
322 3045 377 3108 vel
400 3048 471 3108 tem
496 3067 536 3108 us
566 3045 603 3106 in
627 3045 700 3108 eius
724 3043 917 3106 actionibus
947 3042 1068 3125 legalis
1100 3045 1182 3106 ordo
1212 3063 1278 3104 ma-

160 3137 243 3197 neat
267 3134 475 3197 constitutus
507 3181 514 3196 .

217 3398 286 3462 III.
303 3399 516 3462 TITULUS:
549 3399 611 3461 DE
635 3397 862 3461 TERMINIS
886 3397 943 3459 ΕΤ
966 3395 1222 3460 LIMITIBUS.

256 3523 284 3586 Ι.
320 3523 370 3586 Ut
392 3523 532 3587 termini
556 3527 591 3586 et
614 3523 741 3586 limites
766 3525 1019 3585 conserventur.

236 3612 284 3673 II.
321 3612 373 3676 De
398 3612 536 3675 conlisis
560 3615 595 3675 et
619 3611 743 3675 evulsis
766 3610 944 3673 limitibus.

214 3700 283 3763 ΠΙ.
321 3699 412 3777 Quid
431 3701 669 3775 observetur,
695 3700 723 3762 si
748 3700 790 3763 de
812 3699 969 3762 terminis
994 3697 1171 3761 contentio
1195 3697 1278 3759 oria-

194 3877 284 3940 IIII.
319 3792 475 4000 {qr-&ster
505 3878 597 3940 intra
627 3877 791 3940 terminos
825 3877 955 3939 alienos
990 3875 1162 3958 possidere
1199 3875 1278 3937 dici·

242 4055 281 4116 V.
318 3970 377 4130 llutr,
406 4014 434 4118 si
458 4054 574 4136 aliqua
597 4074 675 4136 pars
700 4054 741 4116 de
766 4053 853 4116 alio⁰
882 4052 957 4114 loco
980 4055 1134 4135 tempore
1158 4051 1277 4113 Roma·

319 4164 442 4205 norum
464 4148 597 4206 remota
621 4146 682 4218 est,
707 4142 758 4204 ita
781 4135 981 4224 persistatd.

266 4334 422 4382 qlpetith.
477 4333 627 4380 r)deeetR1.
681 4333 701 4382 s)
714 4336 782 4370 antea
796 4331 844 4372 Μ.

266 4387 304 4428 Vl.
351 4386 373 4438 a)
387 4388 442 4425 deest
457 4387 503 4427 ΕΙ.
571 4387 593 4433 b)
608 4386 712 4434 relegatis
727 4385 775 4425 Ra,
843 4386 863 4431 c)
878 4393 958 4430 urgere
973 4383 1020 4423 nr.
1089 4380 1111 4430 d)
1126 4381 1218 4420 humanl
1232 4382 1277 4422 BL

160 4442 181 4486 e)
196 4439 257 4478 iussu
272 4440 320 4481 122.
374 4441 480 4487 oaRl.
535 4439 711 4488 premebar.
766 4436 1010 4484 mconstitutumRr.

265 4493 322 4534 '1¹I'1'.
333 4494 374 4534 111.
409 4495 430 4540 a)
445 4494 594 4532 observentur
608 4493 654 4533 121.
697 4492 720 4538 b)
735 4489 823 4529 dicatur
837 4490 886 4530 122.
927 4489 947 4538 c)
961 4489 1037 4535 aliquo
1051 4489 1076 4529 E.
1124 4486 1147 4534 d)
1161 4489 1217 4526 dees!
1231 4488 1277 4528 nr.
