3264 5206
27 4601 40 5172 Ι

347 569 425 626 Lux
443 571 558 629 VISIG.
576 571 846 630 Rsooussvluo.
883 574 918 644 V,
938 577 962 644 6,
982 577 1060 632 3-5.
1214 579 1268 634 165

555 749 609 806 111.
640 749 817 820 narrans
830 761 856 806 a.

254 859 314 926 De
342 861 539 945 pignere,
569 862 605 926 si
628 883 704 946 pro
727 862 878 927 debito
902 863 1158 948 deponatur.

253 966 385 1051 Pignus
395 966 415 1045 ¹,
447 968 539 1050 quod
569 988 632 1052 pro
662 967 780 1033 debito
811 969 1005 1053 deponitur,
1041 971 1071 1034 si
1100 991 1161 1055 per
1190 992 1267 1037 oau-

145 1048 267 1120 tioneb
289 1055 398 1120 fuerit
420 1055 623 1139 obligatum,
648 1061 684 1122 et
707 1057 777 1136 ille,
801 1058 880 1143 qui⁰
901 1059 1026 1142 pignus
1050 1060 1265 1143 deposuerat,

146 1145 190 1208 ad
219 1147 357 1228 tempus
392 1145 620 1209 constitutum
655 1145 811 1210 debitum
844 1145 1032 1212 reformare
1062 1148 1265 1227 dissimulet,

145 1237 224 1318 post
248 1233 339 1298 diem
355 1234 525 1298 cautionis
541 1237 701 1298 exactum
723 1253 831 1316 usque
855 1235 899 1298 ad
916 1235 1034 1301 decem
1048 1237 1123 1301 dies
1141 1237 1266 1321 pignus

146 1322 280 1386 salvum
303 1341 364 1386 suo
389 1321 528 1405 domino
550 1326 752 1400 reservetur,
778 1326 839 1387 aut
862 1324 974 1388 eidem
997 1325 1146 1403 domino,
1178 1327 1208 1390 si
1229 1327 1267 1390 in

145 1411 338 1495 propinquo
362 1414 423 1488 est,
447 1406 678 1495 reporteturl,
703 1412 824 1494 adque,
848 1415 890 1475 ut
911 1412 1076 1478 restituat
1099 1413 1265 1492 debitum,

145 1502 338 1563 moneatur.
386 1497 487 1578 Quod
509 1500 539 1564 si
566 1521 628 1584 per
649 1499 906 1584 neglegentiam
933 1521 1030 1565 suam
1058 1502 1196 1567 debitor
1222 1504 1267 1567 ad

146 1589 239 1652 diem
266 1588 494 1652 constitutum
517 1589 636 1654 adesse
659 1588 848 1654 neclexerit
870 1592 932 1654 aut
955 1589 1111 1654 debitum
1134 1590 1266 1676 inplere

146 1676 332 1753 distulerit,
357 1677 532 1740 addantur
554 1697 667 1742 usure.
712 1676 873 1742 ceterum
896 1679 926 1742 si
949 1678 1067 1742 adesse
1089 1699 1198 1762 usque
1222 1680 1267 1744 ad

146 1766 266 1830 decem
294 1765 376 1842 dies,
408 1766 498 1830 sieut
528 1786 632 1850 supra
661 1766 826 1850 seriptum
855 1769 917 1844 est,
949 1770 1010 1830 aut
1040 1769 1133 1850 quod
1162 1768 1267 1833 debet

145 1853 333 1918 reformare
363 1854 646 1932 dissimulaverit,
677 1858 762 1918 tuno
794 1855 943 1920 oreditor
972 1855 1080 1920 iudioi
1109 1856 1165 1921 vel
1195 1878 1267 1941 pre-

147 1943 259 2026 posito
291 1943 441 2007 civitatis
464 1943 590 2027 pignus
613 1944 784 2020 ostendat,
814 1947 865 2021 ut,
896 1946 1085 2027 quantum⁶
1113 1945 1242 2010 iudicio
1250 1939 1267 2008 f,

147 2033 219 2095 eius
250 2035 285 2096 et
314 2032 421 2095 trium
451 2033 676 2102 honestorum
704 2031 856 2096 virorum
890 2032 998 2097 fuerit
1028 2035 1265 2112 estimatumss,

148 2120 193 2184 sit
222 2119 367 2184 lieentia
395 2121 622 2185 distrahendi.
669 2120 714 2184 at
741 2121 961 2204 postmodum
989 2121 1033 2186 de
1055 2123 1166 2206 pretio
1189 2143 1266 2188 veu-

149 2209 213 2272 diti
228 2209 379 2292 pigneris
395 2209 554 2286 oreditor,
578 2213 747 2293 quantum
763 2211 795 2274 ei
811 2209 966 2286 debetur,
990 2209 1056 2274 sibi
1072 2212 1266 2276 evidentius

148 2296 260 2374 tollat,
291 2301 326 2362 et
354 2297 500 2362 relisum
524 2297 584 2362 ille
607 2299 762 2382 recipiat,
794 2299 854 2381 qui
877 2299 1002 2383 pignus
1026 2293 1265 2385 seposuerath.

236 2485 306 2542 rur.
336 2469 505 2542 suerrus
524 2485 738 2542 spumosus
756 2445 1065 2544 assosssvmnus
1083 2487 1172 2545 anx.

150 2597 192 2662 Si
221 2599 379 2682 pignus
408 2602 718 2683 representato
748 2599 899 2664 debito
928 2621 1013 2665 non
1041 2602 1265 2668 reddatur.

248 2704 293 2768 ‚si
315 2705 390 2789 quis
414 2705 458 2782 ei,
487 2704 646 2788 quirem
673 2725 734 2789 pro
762 2705 903 2789 pignere
931 2706 1087 2784 eredidit,
1119 2707 1163 2770 ad
1190 2726 1267 2770 oon·

150 2793 311 2857 stitutum
344 2797 482 2878 tempus
511 2797 748 2878 representato
779 2793 896 2858 debito
931 2795 1056 2879 pignus
1086 2798 1267 2879 aooeptum

151 2882 324 2946 distulerit
353 2883 497 2947 reddere
527 2885 563 2946 et
592 2883 658 2946 hoo
688 2885 770 2947 ante
796 2885 933 2966 tempus
963 2882 1040 2966 lege
1067 2883 1262 2967 superiore⁸

149 2973 305 3035 taxatum
333 2972 481 3036 vendere
510 2970 566 3036 vel
589 2964 656 3034 inb
688 2991 770 3035 usus
804 2971 959 3056 proprios
993 2973 1105 3054 adque
1135 2970 1266 3035 alienos

151 3061 396 3124 conterendum
426 3061 648 3144 presumserit
677 3060 859 3125 adtentare
887 3059 942 3124 vel
972 3058 1143 3124 malitiose
1171 3059 1267 3124 diffe-

149 3167 226 3212 rens
255 3148 408 3213 noluerit
436 3149 633 3232 adsignare:
664 3149 789 3233 pignus
819 3149 969 3231 quidem,
1000 3149 1093 3232 quod
1122 3148 1264 3232 aooepit,

149 3235 322 3321 integrum
336 3237 469 3302 reddat
491 3240 528 3301 et
550 3236 783 3314 medietatem,
811 3240 980 3321 quantum
1003 3237 1129 3321 pignus
1151 3237 1266 3301 valere

151 3327 352 3404 eonstiterit,
377 3326 515 3390 domiuo
538 3325 690 3409 pigneris
714 3329 853 3390 coaetus
876 3327 1054 3410 inpendat.

369 3515 404 3571 V.
434 3513 603 3570 FLAVIUS
622 3512 935 3570 OHlNDASVINDUS
952 3513 1041 3570 REX.

200 3625 242 3690 Si
277 3647 360 3692 una
395 3647 578 3711 persona
612 3629 740 3690 reatu
774 3625 842 3690 vel
878 3626 1028 3690 debito
1062 3625 1214 3690 multis

473 3718 681 3780 teneatur
710 3714 938 3779 obnoxiae.

255 3821 292 3885 Si
321 3842 391 3886 una
420 3841 566 3906 persona
592 3821 749 3906 plurimis
777 3841 838 3886 rea
860 3820 915 3886 vel
938 3820 1088 3886 debitrix
1115 3823 1265 3898 maneat,

149 3911 206 3992 qui
235 3911 329 3994 prior
359 3912 396 3973 in
425 3911 595 3994 petitione
624 3910 827 3994 precesserit
855 3913 891 3975 et
920 3912 981 3974 aut
1010 3929 1071 3994 per
1098 3908 1267 3993 placitum

253 4100 296 4142 111.
329 4103 352 4150 ι)
366 4101 422 4140 deest
436 4101 484 4142 122.
525 4101 549 4149 b)
563 4099 690 4140 trudonem
704 4100 753 4143 122,
793 4102 814 4149 a)
828 4110 869 4148 pro
883 4100 934 4142 add.
948 4099 996 4144 131.
1036 4095 1059 4148 d)
1074 4096 1207 4148 deportetur
1220 4099 1267 4140 131.

149 4154 169 4200 e)
183 4157 268 4201 quanto
281 4154 329 4198 ΕΙ.
402 4151 496 4206 {lindio
510 4154 558 4198 ΕΙ.
631 4156 654 4204 g)
668 4153 801 4194 estimatum
814 4153 863 4196 Bt.
878 4154 900 4192 Ε
907 4155 925 4197 1.
998 4153 1021 4201 h)
1036 4156 1143 4202 posuerat
1156 4152 1209 4202 323
1231 4161 1267 4191 se-

148 4206 247 4254 posuerit
253 4207 309 4303 1i1i1
348 4261 371 4308 a)
384 4260 496 4309 superiori
510 4260 530 4298 n
540 4261 559 4304 a.
573 4259 621 4304 rr.
674 4260 697 4308 o)
712 4261 769 4299 aaa
782 4260 828 4303 nr.

253 4314 280 4356 V.
321 4316 343 4362 a)
357 4313 467 4354 obnoxius
482 4313 531 4356 112.

150 4471 176 4538 1)
186 4473 264 4599 ἐίὸαῚηο
277 4449 357 4540 leyen
368 4489 402 4526 ex
413 4475 473 4525 iure
482 4472 602 4526 Ronmoo
614 4471 735 4526 measse
746 4473 937 4526 demondraoit
948 4471 1069 4538 Meibom,
1083 4469 1127 4524 ‘D.
1138 4469 1268 4536 Psondr!

147 4560 174 4609 Ρ·
250 4560 305 4611 ul·
