3214 5198
324 502 377 555 312
531 496 609 551 Lex
627 495 1033 554 ἯΒΙΘ.Β110οΕ88111111).
1068 495 1137 564 ΧΠ,
1155 501 1181 564 2,
1195 500 1238 554 17.

323 702 415 758 mus;
441 682 531 745 sicut
554 683 590 744 et
612 680 768 744 fecimus.
816 680 884 744 Sed
907 680 989 762 qnia
1012 682 1067 744 et⁰
1088 679 1233 763 perfidia
1249 684 1368 744 nostre
1392 679 1450 744 ob·

323 770 520 834 stinationis
544 772 580 833 et
602 772 757 833 vetustas
780 768 968 852 parentalis
985 769 1108 832 erroris
1131 789 1194 832 nos
1216 769 1267 832 ita
1284 769 1448 846 detinuit,

323 862 364 922 ut
391 879 455 923 nec
483 858 652 922 veraciter
676 857 791 922 Iesum
816 856 994 920 Christum
1024 857 1203 920 dominnm
1230 858 1449 922 crederemus

323 967 387 1012 nec
411 947 617 1010 catholicam
641 946 745 1010 fidem
769 947 948 1010 sinceriter
970 949 1176 1022 teneremus,
1200 947 1330 1009 idcirco
1353 967 1448 1009 nunc

323 1035 472 1100 libenter
496 1036 561 1098 hac
584 1034 712 1118 placite
735 1029 971 1118 ispoudimusd
997 1034 1106 1118 glorie
1129 1037 1251 1110 vestre,
1282 1038 1356 1098 tam
1384 1057 1447 1118 pro

323 1124 422 1188 nobis
446 1145 549 1206 quam
572 1145 634 1208 pro
657 1124 820 1187 uxoribus
844 1127 880 1188 et
903 1123 983 1186 filiis
1006 1125 1143 1200 nostris,
1170 1143 1230 1207 per
1253 1124 1319 1187 hoc
1344 1124 1446 1206 placi-

323 1216 399 1276 tum
422 1216 588 1289 nostrum,
617 1216 658 1275 ut
686 1213 848 1295 deinceps
875 1213 912 1274 in
940 1211 1047 1275 nullis
1073 1212 1380 1288 observationibus,
1410 1214 1446 1275 in

323 1300 429 1364 nullis
458 1301 578 1365 usibus
608 1300 760 1364 Iudaicis
791 1302 1004 1366 misceamur.
1058 1301 1200 1365 Iudeis⁰
1236 1301 1342 1365 etiam
1376 1321 1446 1364 non

323 1389 508 1473 baptizatis
531 1389 628 1452 nullo
652 1389 790 1474 penitus
822 1390 1013 1454 execrando
1037 1389 1213 1452 consorcio
1237 1390 1444 1453 sociemur⁰.

323 1477 403 1542 Non
418 1499 512 1542 more
528 1481 647 1541 nostro
659 1478 917 1561 propinquitate
933 1477 1110 1560 sanguinis
1126 1498 1235 1560 usque
1251 1478 1294 1541 ad
1311 1481 1446 1542 sextum

323 1567 468 1650 gradum
502 1567 669 1630 incestiva
704 1567 946 1630 coniunctione
977 1566 1032 1630 vel
1063 1567 1293 1630 fornicatione
1328 1568 1446 1650 iunga-

323 1649 434 1718 mur‘.
481 1655 561 1718 Non
585 1655 746 1738 coniugia
769 1675 810 1718 ex
833 1675 958 1738 genere
982 1658 1100 1718 nostro
1126 1658 1188 1718 aut
1211 1676 1273 1718 nos
1297 1659 1359 1718 aut
1384 1656 1446 1718 filii

323 1744 433 1808 nostri
458 1743 514 1808 vel
543 1746 661 1806 nostra
688 1744 872 1827 posteritas
900 1743 1101 1808 nullatenus
1130 1743 1353 1819 sortiamur&
1387 1746 1446 1808 sed

323 1833 360 1895 in
375 1837 521 1915 utroque
545 1852 627 1896 sexu
644 1833 805 1917 deinceps
829 1832 1026 1896 christianis
1050 1832 1159 1914 iugali
1183 1833 1306 1915 copula
1331 1853 1446 1896 conec·

322 1914 476 1984 eamurh.
534 1921 614 1984 Non
654 1920 928 1984 circumcisiones
968 1921 1080 1984 carnis
1117 1941 1307 2004 operemur.
1366 1920 1446 1984 Non

323 2031 426 2093 pasca
459 2012 495 2074 et
529 2002 691 2073 sabbata¹
725 2013 923 2092 ceterosque
959 2010 1032 2073 dies
1066 2009 1174 2074 festos
1209 2009 1306 2072 iuxta
1338 2010 1446 2072 ritum

323 2098 465 2161 Iudaica
489 2098 705 2161 observantie
730 2098 950 2162 celebremus.
997 2097 1077 2161 Non
1101 2119 1255 2162 escarum
1272 2099 1446 2162 discretio·

322 2180 429 2250 nemk
459 2186 513 2249 vel
543 2187 826 2250 consuetudinem
856 2190 1046 2250 teneamus.
1092 2187 1172 2250 Non
1202 2207 1243 2250 ex
1273 2187 1443 2263 omnibus

323 2295 389 2358 que
413 2274 601 2338 Iudeorum
628 2294 710 2338 usus
738 2279 774 2338 et
797 2275 1029 2338 abominanda
1052 2277 1265 2339 consuetudo
1288 2276 1345 2338 vel
1370 2296 1445 2339 con-

322 2363 471 2428 versatio
507 2364 593 2445 agit,
630 2363 848 2445 aliquatenus
882 2364 1066 2439 iaciamus;
1103 2365 1164 2426 sed
1197 2364 1331 2427 sincera
1365 2364 1442 2440 fide,

323 2455 423 2536 grato
454 2453 578 2528 animo,
615 2452 717 2536 plena
750 2452 931 2516 devotione
961 2453 998 2514 in
1030 2451 1205 2515 Christum
1236 2452 1347 2514 filium
1378 2452 1444 2516 Dei

322 2541 405 2618 vivi,
442 2542 632 2604 secundum
661 2541 752 2623 quod
784 2541 983 2623 evangelica
1014 2544 1049 2604 et
1079 2541 1269 2624 apostolica
1297 2541 1443 2604 tradicio

323 2630 438 2708 habet,
465 2632 642 2693 credamus
666 2630 777 2710 adque
802 2631 894 2693 hunc
915 2630 1140 2693 confiteamur
1156 2632 1191 2693 et
1207 2623 1443 2693 veneremurl.

324 2717 450 2783 Omnes
481 2718 585 2782 etiam
616 2739 697 2781 usus
728 2721 846 2782 sancte
877 2718 1063 2782 christiane
1096 2718 1274 2799 religionis
1304 2721 1378 2780 tam
1408 2718 1443 2780 in

322 2808 421 2871 iestis
444 2807 564 2870 diebus
587 2807 643 2870 vel
666 2807 702 2868 in
720 2807 919 2889 coniugiism
944 2809 979 2870 et
1002 2807 1087 2870 escis
1111 2827 1214 2889 quam
1236 2807 1274 2869 iu
1290 2807 1443 2871 observa·

322 2895 476 2958 tionibus
506 2896 673 2958 universis
700 2897 869 2959 veraciter
898 2899 1078 2959 teneamus
1108 2898 1143 2958 et
1171 2896 1350 2958 sinceriter
1378 2917 1443 2957 am-

323 2984 524 3067 plectamur,
549 2983 646 3046 nullo
669 2987 842 3048 reservato
866 2987 952 3067 aput
976 3004 1038 3046 nos
1062 2987 1123 3046 aut
1139 2984 1365 3067 oppositionis
1389 2984 1444 3047 ob-

322 3073 416 3136 iectu
447 3075 507 3134 aut
536 3071 675 3136 fallacie
702 3076 915 3155 argumento,
947 3093 1007 3155 per
1035 3074 1128 3154 quod
1158 3075 1218 3134 aut
1248 3072 1345 3148 illan,
1378 3093 1443 3155 que

322 3161 436 3224 facere
461 3162 679 3242 denegamus,
710 3161 837 3224 iterum
861 3161 1028 3224 iaciamus
1053 3161 1210 3236 antheo,
1240 3181 1306 3243 que
1330 3161 1443 3225 facere

322 3249 565 3332 promittimus,
590 3249 730 3312 minime
754 3249 809 3312 vel
833 3271 902 3312 non
926 3249 1104 3313 sinceriter
1121 3249 1351 3332 conpleamus.
1391 3250 1443 3313 De

323 3337 433 3401 suillis
450 3358 530 3402 vero
554 3338 714 3401 carnibus
738 3338 774 3400 id
798 3338 978 3402 observare
1002 3338 1244 3421 promittimus,
1270 3340 1310 3400 ut
1334 3339 1364 3401 si
1387 3358 1443 3402 eas

323 3448 383 3509 pro
401 3426 649 3490 consuetudine
665 3426 805 3490 minime
822 3427 996 3509 percipere
1012 3427 1234 3510 potuerimus,
1259 3447 1300 3490 ea
1315 3429 1441 3502 tamen,

322 3519 408 3597 que⁰
430 3537 508 3578 cum
530 3514 613 3597 ipsis
638 3515 780 3578 decocta
804 3518 894 3589 sunt,
920 3515 1047 3598 absque
1071 3515 1253 3579 fastidium
1277 3518 1312 3579 et
1329 3536 1443 3579 orrore

323 3624 506 3666 sumamus.
555 3601 655 3681 Quod
679 3604 707 3665 si
730 3604 767 3665 in
791 3604 958 3680 omnibus,
989 3625 1054 3685 que
1083 3624 1186 3687 supra
1208 3607 1328 3667 taxata
1352 3607 1441 3681 sunt,

322 3692 358 3753 in
382 3712 596 3774 quocumque
619 3691 674 3755 vel
698 3692 840 3755 minimo
863 3694 1093 3774 transgressil'
1120 3693 1253 3756 inventi
1276 3693 1442 3756 fuerimus

323 3783 384 3842 aut
408 3780 580 3843 contraria
604 3781 790 3843 christiane
820 3781 900 3844 fidei
931 3801 1031 3864 agere
1059 3781 1350 3864 presumserimus
1383 3783 1443 3843 aut

323 3888 389 3950 que
418 3888 569 3950 congrua
599 3869 769 3932 catholice
797 3869 957 3952 religioni
985 3869 1212 3952 promisimus,
1240 3869 1353 3932 verbis
1383 3872 1443 3932 aut

322 3957 425 4019 factis
449 3956 580 4039 inplere
604 3956 850 4033 distulerimus,
875 3959 1028 4020 iuramus
1052 3979 1113 4041 per
1137 3959 1285 4022 eundem
1303 3958 1444 4021 Patrem

322 4048 358 4108 et
373 4044 501 4107 Filium
522 4049 558 4109 et
577 4045 745 4129 Spiritum
768 4050 935 4123 sanctum,
960 4048 1019 4128 qui
1044 4049 1096 4110 est
1119 4067 1209 4109 unus
1231 4047 1269 4108 in
1284 4046 1442 4109 trinitate

429 4273 449 4318 c)
464 4271 506 4310 hec
520 4271 552 4309 vel
566 4271 606 4310 het
619 4271 665 4312 121.
740 4269 764 4318 d)
778 4269 913 4320 spondemus
928 4271 976 4312 Ra.
1045 4273 1066 4320 e>
1079 4269 1156 4310 Iudeis
1171 4292 1197 4299 -
1211 4271 1323 4310 sociemur
1336 4271 1380 4312 dee.
1394 4269 1442 4312 112.

322 4325 469 4373 niungamus
483 4325 529 4364 Bl.
577 4326 598 4371 g)
613 4324 724 4362 sociamur
738 4324 786 4366 Bt.
829 4325 852 4372 h)
866 4327 983 4364 nectamur
997 4324 1044 4364 111.
1086 4325 1102 4372 i)
1117 4325 1202 4373 reliqua
1217 4323 1290 4362 omnia
1304 4324 1380 4361 desunt
1394 4322 1442 4364 132.

322 4377 347 4424 h)
360 4375 497 4416 discretione
511 4378 557 4418 Rl.
605 4377 621 4424 1)
636 4377 668 4414 lta
682 4377 729 4418 El.
745 4378 797 4425 alia·
812 4388 945 4416 veneramus
960 4379 1006 4419 Rl.
1048 4379 1078 4426 m)
1092 4379 1124 4416 ita
1137 4378 1185 4418 El.
1201 4377 1253 4426 alii,·
1268 4377 1380 4415 conviviis
1395 4377 1415 4414 B
1425 4377 1443 4417 1.

322 4433 346 4478 1)
360 4432 392 4468 ita
405 4431 454 4472 El.
468 4431 520 4478 alii,·
541 4430 586 4468 alia
600 4431 646 4472 131.
717 4432 738 4478 ο)
752 4431 785 4468 ira
798 4431 846 4473 El.
861 4431 913 4478 atr‘st
935 4431 1213 4480 quarumproq.c.121.
1280 4429 1304 4482 p)
1319 4433 1443 4478 transgres-

322 4494 383 4523 sores
397 4485 445 4525 El.
460 4483 506 4524 alii.

1570 29 1583 522 l

1579 536 1588 792 l

1583 2623 1591 3008 l

1585 3109 1591 3348 1
