3218 5202
305 513 340 566 68
504 509 582 564 LEX
600 508 714 565 VISIG.
733 509 1002 566 Reccnssvmn.
1038 511 1078 580 Π,
1097 517 1122 582 3,
1141 517 1220 570 4-6.

305 713 375 756 non
398 692 501 757 aliter
523 712 565 756 ex
587 686 773 757 mandatol
800 694 1036 758 subdendum⁰
1061 696 1234 778 questioni
1258 697 1426 781 permitti·

305 802 390 856 mus,
414 801 518 863 quam
540 785 582 844 ut
603 782 785 846 mandator
802 782 844 848 de
860 783 981 848 eadem
996 803 1177 867 personam
1199 805 1270 848 non
1291 779 1425 861 servol,

305 870 366 934 sed
389 870 540 952 ingenuo
564 869 859 954 permundatum,
889 875 970 936 suae
994 871 1050 936 vel
1073 873 1179 936 trium
1202 873 1345 938 testium
1369 874 1427 936 ad-

305 958 485 1023 notatione
508 959 693 1035 firmatum,
724 959 919 1042 specialiter
942 961 1126 1025 conmittat
1149 962 1333 1044 agendum.
1379 961 1428 1024 Et

305 1048 334 1110 si
357 1046 504 1110 fortasse
526 1047 747 1112 innocentem
770 1047 892 1112 fecerit
915 1050 1097 1113 tormentis
1121 1049 1249 1133 adfligi,
1279 1049 1366 1114 sciat
1389 1070 1427 1114 se

306 1135 440 1198 hisdem
469 1136 652 1199 mandator
681 1155 825 1200 censura
854 1135 941 1220 legis
968 1138 1109 1201 noxium
1135 1138 1288 1203 retineri.
1333 1137 1427 1202 Reli·
1459 1167 1492 1204 a.

305 1217 411 1306 quasf
430 1227 548 1288 autem
568 1223 762 1288 criminales
779 1218 920 1289 oausasf
945 1225 996 1290 ita
1018 1227 1298 1310 permundatum
1320 1227 1428 1291 liceat

307 1313 579 1388 committendae,
608 1316 658 1389 ut,
683 1313 773 1376 siout
796 1313 990 1397 predictum
1012 1319 1075 1390 est,
1100 1319 1221 1379 contra
1244 1335 1427 1400 personam

306 1401 519 1484 ingenuamg
556 1401 697 1482 ingenui
731 1401 881 1484 ingenuo
916 1403 1084 1467 adsertori
1113 1405 1304 1486 questionis
1335 1405 1429 1467 actio

307 1490 552 1552 committatur.
599 1489 743 1553 Servum
766 1510 846 1554 vero
869 1493 1155 1574 permundatum
1178 1491 1326 1557 subdere
1349 1511 1430 1574 que-

307 1577 411 1641 stioni
433 1581 507 1640 tam
526 1578 677 1661 ingenuo
693 1598 797 1660 quam
812 1599 908 1644 servo
924 1580 998 1644 iure
1014 1580 1229 1657 conceditur;
1255 1582 1320 1644 hac
1335 1582 1429 1645 vide·

307 1665 390 1730 licet
417 1658 686 1730 constitutioneh
713 1671 856 1744 servata,
885 1671 935 1744 ut,
964 1669 993 1732 si
1020 1671 1194 1734 tormenta
1217 1669 1273 1734 vel
1300 1670 1431 1734 damna

307 1753 549 1820 innocentibus
572 1754 704 1818 fuerint
726 1756 894 1838 inrogata,
926 1757 970 1820 ad
994 1776 1130 1822 omnem
1153 1757 1430 1822 satisfactionem

307 1843 490 1906 mandator
505 1843 628 1906 iudicis
645 1844 861 1928 conpellatur
883 1845 1060 1910 instantia.
1107 1845 1180 1910 Nec
1197 1847 1429 1910 dimittendus

308 1934 500 1994 esttamen
524 1924 612 2007 his¹,
641 1932 700 2014 qui
723 1933 926 1997 mandatum
949 1934 1091 2017 accepit,
1117 1935 1225 1999 donec
1249 1938 1311 1999 aut
1334 1955 1430 1998 man·

308 2019 408 2082 dator
431 2020 477 2082 sit
501 2039 615 2083 coram
637 2021 750 2085 iudice
774 2025 919 2104 prestus,
944 2025 1005 2086 aut
1028 2023 1301 2087 satisfactionem
1322 2023 1429 2087 adim·

308 2107 403 2191 pleat
425 2107 558 2191 legurm
590 2111 625 2172 et
648 2111 765 2174 tamen
788 2111 846 2191 qui
869 2111 1083 2193 questionem
1106 2131 1148 2176 ex
1170 2112 1335 2176 mandato
1359 2112 1429 2194 agi-

307 2199 444 2259 taturus
475 2199 528 2261 est
559 2201 641 2260 ante
671 2217 716 2274 se,
747 2192 870 2262 velutk
895 2199 1023 2282 proprii
1054 2199 1138 2263 iuris
1165 2200 1334 2276 dominus,
1366 2219 1431 2283 per

308 2282 428 2368 placiti
451 2284 627 2348 vinculum
652 2305 672 2349 a
694 2286 808 2350 iudice
831 2287 966 2352 noverit
989 2285 1224 2370 obligandum.

711 2390 765 2477 ‘v.
794 2420 1002 2490 nunquan

310 2512 377 2589 Ut,
403 2513 438 2576 si
461 2499 724 2578 dilationem
746 2516 789 2578 in
814 2510 969 2580 causal
995 2518 1198 2600 patiatur
1220 2519 1292 2600 qui
1316 2539 1430 2582 man·

342 2601 489 2664 datum
512 2602 640 2680 facit,
665 2602 803 2667 liceat
827 2605 866 2669 ei
889 2605 1107 2670 inmutare
1130 2607 1392 2670 mandatum.

416 2707 482 2786 Qui
513 2713 671 2772 causam⁰
706 2709 851 2774 alicuius
881 2730 923 2775 ex
952 2712 1116 2776 mandato
1147 2713 1349 2796 susceperit,
1386 2716 1430 2776 ut

308 2797 485 2878 negotium
508 2801 702 2880 peragatur,
729 2798 883 2876 insistat;
915 2800 1007 2882 quod
1030 2800 1059 2865 si
1081 2801 1255 2884 protrahit
1277 2804 1428 2884 tempus

308 2887 344 2947 et
367 2878 504 2962 causab,
534 2904 601 2967 que
623 2885 782 2950 forsitam
805 2887 949 2951 celerius
971 2892 1132 2971 potuerat
1155 2889 1318 2973 expediri,
1349 2889 1430 2952 hoc-

309 2973 501 3037 casionibus
525 2973 706 3057 superfluis
729 2978 791 3037 aut
814 2975 1038 3040 fraudulenta
1061 2976 1228 3042 dilatione
1251 2977 1431 3061 suspendi-

307 3063 374 3136 tur,
406 3062 588 3126 mandator
609 3066 765 3126 recurrat
788 3065 832 3127 ad
855 3064 1014 3129 iudicem.
1061 3064 1107 3128 Et
1135 3067 1194 3148 qui
1223 3066 1432 3128 mandatum

308 3152 501 3232 acceperat,
539 3151 589 3212 sia
622 3150 755 3214 malitie
789 3151 935 3216 alicuius
965 3157 1027 3216 aut
1056 3154 1257 3236 cupiditatis
1287 3153 1343 3216 vel
1371 3173 1431 3216 ne·

308 3235 482 3318 glegentie
504 3238 599 3312 vitio,
629 3239 821 3303 adversario
852 3245 1010 3324 presente
1036 3241 1112 3305 vele
1141 3242 1264 3318 iudice,
1294 3261 1432 3324 suscep-

307 3328 384 3387 tum
399 3325 579 3406 negotium
593 3325 687 3388 ultra
703 3327 821 3393 decem
833 3329 906 3392 dies
922 3329 1050 3411 absque
1066 3323 1288 3414 preceptumf
1304 3330 1432 3392 iudicis

309 3411 516 3488 dilataverit,
547 3412 610 3489 his,
642 3415 700 3495 qni
730 3417 963 3494 mandaverat,
995 3421 1056 3481 aut
1082 3437 1144 3501 per
1167 3437 1202 3482 se
1225 3437 1429 3502 proponere,

309 3503 370 3562 aut
394 3499 498 3563 alicui
521 3500 692 3583 helegerit
715 3523 812 3567 suam
835 3505 939 3568 liceat
962 3507 1175 3570 committere
1199 3507 1382 3570 actionem.

721 3636 772 3693 vr.
802 3637 1011 3708 rueretur.

308 3727 368 3792 Ne
403 3748 574 3792 oausam
608 3731 825 3814 suscipiat
860 3733 1024 3797 femina
1057 3754 1131 3819 per
1165 3736 1430 3812 mandatum,

468 3815 596 3880 licite
619 3837 719 3882 vero
742 3815 985 3902 propriamb
1013 3826 1266 3904 exequatur.

415 3921 579 3986 Femina¹
602 3925 889 4004 permundatum
912 3945 1050 3990 oausam
1073 3948 1143 3992 non
1166 3929 1342 4011 suscipiat,
1369 3929 1433 3993 sed

415 4055 581 4104 amandatum
596 4058 642 4099 121.
696 4061 717 4105 c)
731 4060 763 4097 ito
776 4061 830 4110 1225
845 4059 965 4100 subdenda
978 4063 1025 4104 ΕΙ.
1080 4061 1103 4111 d)
1116 4074 1207 4102 servum
1221 4064 1269 4106 Rl.
1325 4066 1347 4112 e)
1362 4065 1436 4104 liceat

304 4119 403 4156 prosus
417 4111 454 4149 vel
468 4111 519 4159 1313
539 4121 580 4148 sua
594 4121 661 4149 manu
675 4111 712 4150 vel
726 4112 771 4154 El.
826 4113 965 4161 0Reliquas
979 4136 1005 4143 -
1019 4126 1098 4156 causas
1111 4117 1154 4159 des.
1168 4117 1215 4159 Rl.
1270 4119 1293 4166 g)
1308 4118 1434 4167 ingenuam

309 4161 401 4209 ingenui
414 4164 465 4212 1213
481 4164 601 4212 ingenuam
615 4164 729 4204 caesura.
739 4165 817 4214 1⁴71.2;
832 4167 925 4214 ingenui
938 4167 995 4204 deest
1006 4168 1044 4206 V6
1058 4173 1077 4206 ct
1091 4171 1122 4212 ed,
1132 4170 1197 4210 Lind.
1238 4170 1262 4218 h)
1277 4171 1369 4210 ratione
1383 4172 1434 4214 122.

309 4213 325 4260 i)
339 4214 371 4252 ita
386 4216 434 4257 Ra.
448 4217 499 4265 E13
518 4217 536 4254 si
552 4216 599 4256 ΕΙ.
654 4215 677 4261 k)
691 4217 728 4254 vel
742 4217 788 4259 131.

414 4269 440 4310 V.
476 4271 498 4316 a)
512 4270 570 4306 deest
583 4267 631 4308 R2.
686 4268 709 4315 b)
723 4278 812 4308 causam
826 4271 873 4312 Rl.
927 4273 948 4318 c)
962 4282 1029 4312 causa
1043 4274 1090 4316 121.
1143 4272 1167 4322 d)
1181 4275 1238 4314 deest
1252 4276 1300 4318 121.
1357 4278 1379 4325 e)
1396 4278 1435 4317 vel

308 4317 383 4358 iudice
397 4321 440 4363 des.
453 4322 500 4364 121.
555 4321 574 4366 s)
588 4325 695 4368 precepto
709 4322 730 4358 R
739 4321 758 4362 2.

415 4375 453 4416 VI.
494 4375 516 4421 a)
531 4372 650 4414 dentur.
705 4373 1066 4424 b)ita122.E1;proprloR1‚

310 4477 336 4544 1)
354 4479 395 4542 of.
413 4480 445 4533 n.
465 4480 542 4530 eom.
561 4478 615 4529 Va.
630 4477 657 4526 o.
675 4477 723 4531 ru.
742 4478 780 4544 Η,
802 4481 844 4544 12,
864 4481 896 4540 5,·
915 4481 966 4546 IX,
987 4484 1011 4548 1,
1032 4485 1065 4546 a·
1084 4485 1162 4538 Paos.
1182 4486 1205 4552 ι,
1227 4489 1253 4553 2,
1273 4489 1300 4541 2.
