3264 5206
315 543 367 596 188
534 537 611 592 LEX
630 537 745 596 VISIG.
764 537 1033 598 Rncosssvmo.
1071 541 1122 610 v1,
1140 545 1167 610 4,
1186 547 1211 598 3.

316 722 454 786 domino
478 721 605 786 solidos
628 733 663 789 X.
704 722 843 788 811616
866 725 1039 801 idoneum,
1063 735 1085 790 0
1109 724 1247 809 flagella
1270 725 1439 808 suscipiat

316 813 351 874 et
379 831 482 895 supra
510 810 639 874 dictam
669 831 837 875 summam
867 813 1054 878 solidorum
1084 813 1230 878 exolvat.
1278 812 1379 892 Quod
1405 814 1438 876 si

315 898 472 982 qualibet
495 900 644 983 corporis
672 904 771 984 parte
798 919 933 965 servum
960 902 1174 966 truncaverit
1195 901 1251 966 vel
1273 904 1437 966 1111116616

315 988 453 1052 iusserit
481 987 642 1065 alienum,
672 999 717 1053 OG
740 987 955 1073 flagellorum
982 990 1135 1054 hictibus
1162 991 1370 1066 verberetur,
1399 994 1438 1054 et

315 1075 423 1138 alium
446 1076 599 1140 eiusdem
621 1076 802 1140 facultatis
825 1081 861 1142 et
884 1079 1024 1142 meriti‘l
1051 1098 1186 1142 servum
1214 1099 1293 1142 cum
1315 1079 1438 1144 eodem

315 1165 453 1248 proprio
481 1164 620 1229 domino
646 1166 789 1230 reddere
817 1166 1043 1250 conpellatur.
1090 1165 1190 1245 Quod
1214 1168 1242 1230 si
1266 1168 1309 1231 de
1332 1187 1439 1252 supra

314 1253 442 1317 taxatis
478 1253 639 1336 capitulis
673 1255 912 1338 quodcumque
952 1255 1098 1319 libertus
1136 1255 1287 1339 ingenuo
1321 1256 1437 1320 facere

315 1341 549 1425 presumserit,
581 1363 643 1425 pro
671 1362 720 1417 eo,
752 1343 844 1425 quod
871 1343 1029 1426 equalem
1057 1347 1188 1408 statum
1217 1365 1288 1408 non
1318 1344 1435 1422 habet,

315 1433 351 1492 61
374 1430 466 1513 quod
489 1430 611 1495 fecerit
635 1429 794 1495 similiter
819 1431 857 1494 in
885 1451 921 1495 se
950 1432 1084 1497 facturn
1110 1433 1256 1516 recipiat
1284 1436 1319 1497 et
1343 1444 1364 1498 0
1387 1433 1437 1495 in·

315 1538 417 1602 super
451 1518 665 1603 flagellorum
700 1519 815 1583 hictus
849 1523 1010 1585 extensus
1041 1521 1198 1604 accipiat.
1252 1521 1289 1584 Si
1319 1541 1436 1584 servus
1469 1519 1496 1590 ’.

316 1626 452 1671 servum
466 1607 575 1671 inscio
591 1608 729 1671 domino
746 1608 924 1674 decalvare
940 1609 1011 1674 sive
1026 1612 1187 1675 truncare
1203 1609 1435 1692 presumserit,

317 1698 353 1759 et
375 1697 468 1778 quod
490 1696 613 1760 fecerit
634 1696 797 1780 patiatur,
822 1700 857 1761 et
873 1709 894 1763 0
910 1696 1056 1781 flagellis
1072 1697 1210 1782 publice
1224 1698 1435 1762 verberetur.

318 1784 355 1847 Si
392 1803 508 1848 servus
545 1785 683 1848 domino
720 1785 895 1851 nesciente
931 1787 1122 1870 ingenuum
1158 1786 1436 1870 conprehendere

316 1872 371 1936 vel
402 1871 509 1956 ligare
540 1874 774 1956 presumserit,
808 1884 852 1939 01
882 1875 1020 1958 publice
1049 1876 1249 1939 verberetur
1278 1874 1436 1957 flagellis.

318 1959 418 2040 Quod
441 1961 470 2023 si
493 1981 572 2024 oum
594 1962 725 2025 domini
747 1962 938 2027 volumtate
967 1983 1082 2027 servus
1110 1964 1176 2027 hoc
1202 1964 1333 2039 iecerit,
1363 1964 1436 2046 ipse

317 2048 476 2113 dominus
495 2051 702 2114 tantundem
726 2054 761 2114 et
784 2071 909 2134 penam
924 2054 960 2115 61
975 2052 1110 2129 damna,
1136 2072 1202 2135 que
1219 2053 1261 2117 de
1276 2052 1436 2134 ingenuis

315 2138 353 2199 in
376 2137 441 2200 hac
464 2140 604 2202 tenetur
627 2137 712 2222 lege,
737 2140 911 2223 suscipiat.
959 2140 1137 2224 ingenuus
1161 2144 1286 2216 autem,
1318 2140 1348 2203 si
1371 2160 1435 2204 ser-

315 2247 397 2288 vum
432 2225 584 2290 alienum
617 2226 777 2310 ligaverit
810 2229 1044 2306 innocentem,
1081 2230 1139 2293 det
1174 2229 1312 2292 domino
1347 2229 1435 2292 servi

317 2313 443 2377 solidos
477 2318 557 2379 tres.
614 2314 705 2379 Nam
735 2317 763 2379 si
794 2337 910 2381 servus
945 2334 1079 2382 servum
1114 2318 1272 2401 ligaverit
1307 2317 1434 2400 absque

316 2402 507 2468 volumtate
538 2404 668 2467 domini
697 2405 763 2482 sui,
795 2415 816 2470 0
844 2405 990 2489 flagellis
1019 2405 1157 2490 publice
1187 2405 1433 2470 verberabitur.

317 2491 354 2554 Si
389 2495 481 2556 certe
517 2493 652 2556 conscio
688 2494 826 2557 domino
857 2494 893 2557 id
924 2514 1040 2558 servus
1075 2495 1264 2571 admiserit,
1301 2494 1433 2557 hisdem

316 2580 404 2644 servi
428 2580 586 2644 dominus
609 2584 679 2647 tres
702 2583 861 2665 idemque
885 2582 1014 2646 solidus
1028 2584 1172 2647 reddere
1188 2582 1433 2666 conpellendus

316 2672 377 2732 est.
413 2669 543 2733 Tamen
566 2671 594 2732 si
616 2670 788 2754 ingenuus
811 2691 946 2735 servum
962 2671 1113 2735 alienum
1136 2671 1355 2736 innocentem
1379 2671 1433 2734 die

316 2761 402 2820 autr
433 2761 535 2822 nocte
565 2759 602 2821 in
630 2760 787 2823 custodia
816 2760 1027 2823 1611116111ε
1056 2759 1111 2824 161
1142 2760 1184 2824 ab
1217 2759 1285 2823 alio
1312 2759 1434 2824 fecerit

317 2847 473 2924 detineri,
503 2868 563 2931 pro
587 2867 657 2910 una
680 2848 828 2912 1161166
852 2847 981 2911 solidus
1005 2852 1040 2912 et
1063 2868 1124 2932 pro
1147 2851 1249 2912 nocte
1277 2847 1434 2912 similiter

315 2937 385 2998 tres
416 2935 542 2999 6611166
574 2936 711 2999 domino
743 2937 831 3000 servi
861 2940 1049 3021 conponat;
1085 2941 1122 3000 61
1152 2934 1198 3000 sit
1228 2956 1288 3021 per
1318 2936 1434 3020 plures

317 3023 388 3087 dies
411 3024 448 3087 id
472 3043 588 3088 servus
603 3025 768 3089 innocens
784 3025 827 3088 ab
844 3026 994 3108 ingenuo
1011 3025 1193 3108 pertulisse
1209 3025 1432 3100 convincitur,

316 3113 481 3176 eandemu
500 3113 607 3175 trium
630 3113 817 3177 solidorum
833 3134 1001 3176 summam
1024 3134 1085 3196 per
1101 3114 1254 3197 singulos
1278 3113 1350 3177 dies
1369 3115 1434 3176 hac

315 3203 434 3264 noctes
466 3201 600 3265 hisdem
629 3203 799 3285 ingenuus
830 3203 919 3266 servi
948 3203 1086 3279 domino
1118 3204 1256 3266 coaetus
1287 3201 1433 3266 exolvat.

315 3288 493 3370 ingenuus
517 3309 608 3366 sane,
632 3290 661 3352 si
685 3311 820 3354 servum
843 3290 994 3354 alienum
1016 3291 1110 3354 fuste
1135 3294 1196 3354 aut
1218 3290 1357 3373 flagello
1380 3290 1435 3353 vel

314 3376 470 3458 quolibet
493 3378 592 3441 hictu
607 3379 791 3461 indignans
807 3380 1020 3462 percusserit,
1047 3382 1082 3442 et
1106 3380 1245 3462 sanguis
1268 3378 1323 3442 vel
1347 3378 1436 3442 libor

315 3468 489 3549 appareat,
518 3486 579 3549 per
607 3467 760 3549 singulas
788 3468 1022 3551 percussiones
1051 3467 1204 3551 singulos
1228 3466 1355 3530 solidos
1380 3466 1436 3529 do-

314 3553 408 3616 minc
443 3554 531 3617 servi
564 3555 753 3639 persolvat;
790 3558 850 3618 aut
881 3557 910 3619 si
940 3557 1052 3639 gravis
1085 3557 1257 3640 percussio
1288 3556 1435 3619 fortasse

314 3642 476 3725 patuerit,
501 3663 561 3725 per
581 3664 684 3725 quarn
708 3647 769 3708 aut
792 3648 938 3708 mortem
959 3647 1020 3708 aut
1042 3644 1258 3709 debilitatem
1282 3645 1341 3727 qui
1364 3663 1436 3728 per-

315 3749 433 3793 cussus
457 3734 509 3794 est
531 3731 690 3795 videatur
713 3733 895 3810 incurrere,
924 3736 1094 3815 quantum
1123 3754 1184 3816 pro
1211 3733 1335 3797 taline
1360 3753 1436 3795 con-

314 3837 440 3901 ponere
471 3819 610 3896 debeat,
646 3821 769 3884 iudicis
804 3822 976 3885 estimatio
1008 3824 1232 3904 conpetenter
1261 3821 1434 3904 inspiciat.

315 3906 447 3970 811616
463 3927 579 3972 servus
595 3909 631 3971 in
648 3929 783 3974 servum
797 3910 884 3974 talia
899 3911 1030 3986 iecerit,
1057 3911 1216 3992 idemque
1239 3911 1342 3973 iudex
1359 3929 1435 3972 con-

314 3995 448 4072 stituat,
477 4000 645 4079 quantum
668 3998 723 4062 vel
750 3993 787 4080 [a]
813 4018 909 4062 servo
931 3997 987 4062 vel
1011 3999 1053 4062 ab
1078 3998 1151 4062 eius
1175 3998 1314 4061 domino
1338 3998 1437 4059 iuxta

314 4082 433 4147 liboris
456 4084 511 4148 vel
535 4085 716 4169 plagarum
740 4086 943 4169 qualitatem
966 4087 1080 4150 media
1103 4107 1181 4170 pars
1210 4088 1252 4151 de
1275 4085 1435 4170 ingenuis

315 4173 463 4255 conponi
498 4174 632 4238 debeat.
691 4175 815 4239 Servus
852 4179 970 4239 tamen
1007 4196 1068 4259 pro
1106 4175 1339 4258 presumtione
1373 4194 1436 4236 sua

313 4271 338 4324 L
361 4260 500 4342 flagella
528 4263 718 4346 suscipiatv
745 4265 915 4328 extensus.
965 4262 1091 4328 Omnes
1120 4267 1236 4328 autem
1264 4262 1435 4326 sententie

456 4469 542 4508 meritis
557 4469 603 4512 Rl.
658 4471 677 4516 r)
692 4470 734 4509 hac
749 4472 795 4512 Rl.
849 4474 868 4519 s)
883 4473 982 4511 tenuerit
996 4473 1041 4514 Rl.
1097 4475 1114 4519 1)
1129 4472 1222 4520 insuper
1236 4472 1284 4513 ead.
1298 4481 1326 4513 m.
1340 4481 1396 4512 corr.
1411 4469 1435 4508 ln

502 4522 525 4573 u)
540 4521 618 4562 eadem
633 4523 680 4567 Rl.
735 4527 758 4573 v)
773 4529 878 4564 extensus
893 4525 991 4574 accipiat
1004 4525 1053 4566 132.

1619 1257 1624 1364 Ι
