3218 5202
353 545 432 599 LEX
448 544 564 601 VISIG.
584 543 853 600 REOOESSVIND.
890 543 930 612 11,
949 548 975 612 2,
994 547 1024 612 93
1048 549 1072 600 3.
1239 547 1274 601 65

152 729 296 812 ingenui
327 748 441 792 servos
471 729 601 792 alienos
624 728 739 792 ledere
762 728 890 811 promti
914 731 1004 803 sunt,
1036 730 1072 792 et
1095 727 1158 790 ad⁶
1187 728 1276 791 servi

153 818 358 901 petitionem
380 817 509 881 iudicio
529 817 646 880 adesse
663 820 898 893 contemnunt,
923 817 1130 892 adserentes,
1156 835 1192 880 se
1210 817 1275 878 uti-

152 926 219 988 que
236 927 315 970 cum
331 926 371 969 eo
388 925 525 970 causam
542 905 655 969 dicere
675 925 745 968 non
761 905 895 982 debere,
921 926 941 968 a
964 925 1031 987 quo
1055 905 1104 968 eis
1127 905 1276 988 conponi

152 1014 223 1057 non
253 995 391 1078 poterit,
425 995 454 1057 si
482 995 629 1058 victores
660 993 849 1058 extiterint.
903 993 971 1057 Sed
1001 986 1066 1057 nef
1093 1013 1155 1076 per
1184 993 1275 1057 hanc

154 1082 391 1159 dilationemss,
423 1075 527 1146 dum¹¹
561 1082 666 1146 etiam
696 1082 786 1146 servi
815 1081 973 1145 dominus
1000 1102 1105 1165 supra
1132 1081 1276 1146 Lmilia

153 1172 276 1235 absens
298 1174 360 1246 est,
385 1175 446 1234 aut
469 1171 649 1234 hutilitate
665 1170 796 1233 domini
819 1171 872 1233 sui
887 1163 966 1233 fiat¹
989 1170 1274 1253 inpedimentum,

154 1262 215 1322 aut
238 1260 311 1343 ipse
335 1280 452 1324 servus
474 1259 629 1323 indebite
645 1258 798 1341 perferat
819 1259 966 1322 fortasse
987 1258 1189 1342 periculum,
1213 1252 1272 1320 idk

154 1346 406 1412 consultissime
437 1347 691 1412 decernendum
714 1346 922 1430 helegimus:
953 1351 994 1410 ut
1020 1346 1110 1409 nulli
1137 1347 1275 1430 penitus

153 1437 332 1500 audientia
362 1437 561 1518 denegetur,
594 1436 654 1500 sed
683 1435 926 1518 cuiuscumque
955 1455 1071 1499 servus
1095 1456 1172 1499 cum
1196 1455 1275 1517 quo·

153 1518 258 1589 libet¹
290 1545 325 1589 se
353 1525 546 1589 adseruerit
576 1544 637 1588 seu
666 1544 765 1587 suum
795 1524 865 1587 sive
893 1524 1023 1588 domini
1053 1524 1106 1587 sui
1133 1523 1190 1588 vel
1220 1524 1275 1586 do-

154 1614 247 1677 mine
270 1613 398 1677 habere
421 1613 608 1696 negotium,
639 1612 772 1675 istatim
794 1611 865 1688 ille,
890 1615 1010 1676 contra
1032 1632 1134 1694 quern
1157 1612 1273 1688 habet,

153 1705 291 1786 prestus
315 1721 386 1766 esse
410 1702 455 1764 ad
477 1701 645 1766 iudicium
668 1700 894 1784 conpellatur,
921 1703 961 1763 ut
989 1701 1124 1783 petenti
1153 1699 1274 1783 procul

154 1791 260 1854 dubio
284 1809 508 1874 responsurus
532 1793 624 1852 auom
648 1789 894 1872 conpositionis
918 1809 1086 1852 summam
1115 1787 1275 1872 legaliter

153 1878 364 1962 inpleturus,
397 1879 426 1942 si
448 1899 470 1941 a
492 1884 610 1943 servo¹¹
643 1877 752 1942 fuerit
780 1877 967 1942 iustissime
996 1881 1193 1961 superatus;
1224 1877 1276 1940 ita

153 1971 209 2044 ut,
246 1969 275 2030 si
309 1987 426 2031 servus
458 1967 550 2049 quod
584 1966 746 2050 proponit
780 1966 982 2030 convincere
1012 1986 1081 2029 non
1111 1966 1274 2049 potuerit,

152 2057 326 2139 ingenuus
347 2056 440 2120 idem
457 2055 702 2119 conscientiam
725 2075 822 2118 suam
846 2055 961 2138 expiet
984 2055 1214 2131 sacramentis,
1240 2074 1276 2118 se

152 2145 244 2207 nihil
274 2145 411 2219 horum,
442 2144 534 2207 unde
565 2143 770 2227 adpellatur,
806 2143 892 2207 scire
921 2142 977 2206 vel
1007 2143 1135 2206 habere
1164 2162 1275 2225 neque

153 2234 277 2297 fecisse
300 2232 376 2296 vel⁰
404 2233 479 2296 fieri
502 2232 703 2316 precepisse.
750 2231 796 2294 Et
823 2234 902 2314 post
928 2230 1000 2295 tale
1024 2234 1275 2295 sacramentum

153 2341 273 2385 servus
289 2341 351 2405 pro
366 2321 496 2384 iniusta
510 2321 753 2404 petitioneml’,
778 2320 868 2384 sicut
891 2322 927 2383 et
949 2320 1129 2402 ingenuus,
1155 2339 1275 2402 conpo-

152 2431 237 2473 nere
260 2429 330 2472 non
354 2412 519 2486 moretur;
546 2430 590 2473 ne
612 2412 729 2472 tamen
752 2429 814 2492 pro
837 2408 979 2472 eademq
1003 2408 1274 2491 conpositionem

152 2499 250 2560 ultra
279 2498 426 2562 resultet
456 2498 614 2561 dominus
644 2498 731 2574 eius,
760 2499 919 2560 tantumr
946 2500 996 2572 ut,
1028 2497 1057 2558 si
1086 2497 1197 2559 minor
1223 2498 1276 2559 est

154 2587 257 2662 acti0,
289 2607 392 2668 quam
422 2586 541 2650 decem
571 2585 672 2649 solidi
701 2587 864 2669 possunts
896 2585 1020 2661 valere,
1053 2604 1169 2648 servus
1200 2605 1275 2647 con·

153 2675 337 2759 positionis
364 2675 594 2751 medietatem,
626 2675 691 2738 hoc
719 2676 771 2737 est
795 2674 881 2737 duos
904 2674 1005 2737 semis
1029 2672 1156 2736 solidos
1180 2693 1275 2755 coga-

152 2768 214 2826 tur
237 2764 393 2827 exolvere
402 2763 423 2824 ¹.
471 2761 570 2841 Quod
601 2763 629 2826 si
658 2762 751 2825 infra
780 2762 923 2827 Lmilia
955 2762 1044 2825 servi
1074 2757 1269 2824 dominumt

154 2872 229 2916 esse
253 2852 458 2928 constiterit,
481 2871 552 2914 non
575 2851 676 2914 aliter
700 2871 816 2915 servus
838 2851 1028 2933 ingenuum
1049 2852 1167 2933 petere
1183 2852 1275 2932 pote-

154 2941 213 3017 rit,
244 2941 311 3004 nisi
341 2940 432 3004 forte
462 2960 523 3023 per
553 2959 588 3003 se
619 2939 777 3002 dominus
807 2939 880 3003 eius
907 2939 944 3001 in
966 2937 1133 3001 iudicium
1157 2938 1275 3001 adesse

155 3049 226 3092 non
256 3029 365 3112 possit
395 3031 455 3092 et¹¹
482 3029 527 3090 ad
550 3029 810 3111 proponendum
834 3049 854 3090 a
877 3047 973 3092 servo
1003 3027 1182 3109 negotium
1209 3026 1276 3108 epi·

156 3117 282 3181 stolam
305 3137 410 3180 manu
433 3137 495 3180 sua
518 3116 722 3199 suscriptum
752 3136 813 3199 per
837 3116 984 3180 eundem
1011 3135 1145 3179 servum
1168 3114 1275 3177 iudici

20 3259 21 3264 ,
101 3238 126 3272 a.
156 3206 392 3269 destinaverit.

208 3470 277 3534 ΠΙ.
302 3469 516 3534 TITULUS:
552 3468 615 3532 DE
646 3467 917 3532 MANDATIS³
951 3468 1008 3531 ET
1038 3467 1220 3531 MANDA·

608 3573 820 3640 TORIBUS.

249 3701 278 3763 Ι.
315 3699 415 3779 Quod
438 3700 633 3783 principum
656 3701 692 3762 et
715 3699 952 3782 episcoporum
974 3697 1115 3780 negotia
1130 3718 1199 3761 non
1215 3718 1276 3780 per

316 3809 382 3865 eos,
408 3789 468 3852 sed
490 3809 552 3872 per
575 3786 732 3851 subditos
755 3787 825 3850 sint
849 3787 992 3870 agenda.

230 3876 279 3939 ΙΙ.
316 3877 364 3940 Ut
386 3877 490 3941 iudex
513 3898 535 3940 a
557 3875 733 3960 litigatore
757 3876 943 3960 perquirat,
967 3877 1086 3937 utrum
1101 3868 1274 3959 propriab,

317 3986 360 4027 an
384 3959 516 4029 alienab
545 3966 590 4028 sit
614 3984 717 4028 causa
740 3964 886 4047 prolata.

180 4165 182 4172 ’
263 4155 380 4204 asum
401 4151 749 4196 ad-conamnunrooe.121.
829 4153 969 4201 Onech.
1049 4154 1072 4200 g)
1088 4150 1213 4191 dilltlonsm
1228 4152 1274 4193 ΕΙ.

159 4206 185 4254 h)
199 4204 248 4246 dum
262 4209 329 4248 ctiam
343 4208 443 4250 dcam.
483 4208 642 4254 l)fsciatR1.
686 4207 710 4257 k)
724 4207 757 4246 ita
771 4207 818 4248 121.
865 4205 882 4256 1)
897 4205 1020 4255 quemlibet
1034 4205 1080 4249 121.
1127 4205 1274 4252 m)hucR1.

159 4261 185 4307 n)
198 4271 283 4300 servum
298 4262 344 4304 121.
399 4262 421 4309 ο)
435 4261 472 4300 vel
487 4282 513 4290 —
526 4264 691 4300 sacramentum
705 4261 749 4301 des.
763 4259 811 4301 Μ.
865 4260 889 4307 p)
903 4259 1013 4309 petitione
1027 4259 1075 4301 ΕΞ.
1127 4260 1213 4306 q)earn
1226 4258 1274 4300 Rl.

160 4315 182 4360 r)
197 4317 256 4354 usto
269 4315 315 4357 ΕΙ,
369 4313 389 4364 s)
404 4314 491 4365 possint
504 4314 551 4356 ΕΙ.
605 4315 622 4361 t)
636 4311 726 4352 domino
740 4313 787 4354 121.
840 4314 865 4361 n)
878 4313 934 4351 deest
948 4313 994 4354 121.

262 4368 319 4410 TIT.
332 4367 375 4410 111.
415 4369 437 4416 ι)
452 4366 606 4407 MANDATIS
620 4366 660 4406 ΕΤ
674 4366 723 4416 122,
743 4366 786 4407 dec.
800 4366 846 4408 121.
907 4366 930 4414 b)
944 4365 1058 4414 propriam
1073 4375 1102 4404 an
1116 4364 1212 4403 alienam
1228 4363 1274 4405 ΕΙ.

162 4505 190 4574 1)
206 4509 244 4573 Cf.
262 4509 302 4577 ΙΙ,
321 4512 347 4576 2,
367 4510 393 4574 5,
413 4525 498 4576 supro
513 4526 542 4576 p.
556 4509 598 4562 62.

239 4615 422 4664 navatam.
1043 4613 1060 4666 5
