3218 5202
331 527 409 587 LEX
430 527 543 586 visis.
561 528 829 587 Raccassvnlo.
866 528 920 597 111,
939 532 1093 598 4,14-17.
1223 533 1274 586 109

156 713 385 778 conmixtione
409 712 583 796 polluerit,
615 713 644 776 si
673 713 844 796 ingenuus
872 716 934 789 est,
966 715 1105 777 centum
1128 712 1275 796 flagellis

156 821 250 866 cesus
273 801 328 864 illi
351 801 525 877 continuo,
557 801 614 866 cui
635 801 808 865 violentus
832 802 958 876 extitit,
991 802 1179 865 serviturus
1208 804 1275 864 tra·

157 890 273 966 datur;
305 909 421 954 servus
449 909 530 954 vero
561 890 815 973 conprehensus
843 911 863 954 a
890 891 1004 954 iudice
1032 889 1170 973 ignibus
1199 910 1275 954 con-

22 967 23 1036 ἶ
126 1035 131 1047 ,
157 982 335 1042 cremetur.

574 1095 638 1151 xv.
670 1093 852 1166 numqui.

157 1208 198 1272 si
240 1209 457 1292 ingenuus
503 1209 592 1273 sive
636 1228 785 1274 servus
830 1209 1057 1274 nesciente
1104 1209 1274 1272 domino

156 1297 343 1362 alienam
371 1297 722 1362 consentientem
750 1297 1028 1362 adulterasse
1057 1299 1275 1362 convinci-

553 1389 625 1450 tur
655 1386 874 1450 ancillam.

262 1491 299 1555 Si
321 1495 419 1556 extra
443 1492 582 1556 domum
605 1493 737 1556 domini
759 1493 813 1556 sui
836 1513 872 1557 se
896 1492 1067 1556 adulterio
1082 1492 1201 1556 rolens
1220 1514 1275 1556 an-

156 1580 256 1644 cillaa
295 1581 469 1645 miscuisse
508 1581 733 1658 convincitur,
772 1582 809 1646 in
848 1574 994 1645 ancillab
1033 1583 1274 1646 tantummodo

154 1669 353 1734 vindicandi
377 1669 535 1734 dominus
554 1669 682 1734 habeat
698 1673 916 1753 potestatem.
956 1669 994 1733 Si
1009 1691 1088 1735 vero
1104 1670 1275 1753 ingenuus

155 1760 215 1820 aut
239 1777 356 1822 servus
380 1778 457 1822 cum
481 1758 609 1822 ancilla
632 1778 673 1823 ex
697 1779 865 1823 consensu
887 1759 924 1820 in
941 1759 1042 1823 domo
1066 1759 1196 1822 domini
1219 1780 1274 1821 an-

155 1846 253 1910 cille⁰
285 1847 530 1931 repperiuntur
563 1847 650 1910 talia
684 1847 894 1924 conmisisse,
930 1847 1101 1931 ingenuus
1136 1848 1275 1931 quidem

155 1955 216 2018 pro
239 1929 421 1999 idoneamd
448 1935 611 1999 ancillam
635 1935 763 2019 absque
786 1935 950 2000 infamiae
971 1936 1151 2001 everbera
1172 1937 1273 2012 ferat,

155 2043 216 2107 pro
239 2023 501 2088 inferiorirero
522 2034 563 2102 123
588 2044 704 2088 servus
728 2027 844 2088 autem
868 2035 914 2090 GL
936 2024 1077 2108 flagella
1099 2025 1274 2108 suscipiat.

564 2229 644 2286 XVI.
674 2228 859 2299 ANTIQUA.

184 2342 256 2407 De.
275 2342 498 2406 adulterio
529 2342 710 2419 ancille,
742 2343 777 2407 si
808 2362 898 2406 cum
929 2343 1134 2408 adultero
1160 2333 1266 2407 vio-¹

351 2430 496 2495 lenter
525 2431 568 2494 id
598 2431 760 2496 fecisse
790 2434 1068 2515 proventur³.

264 2534 301 2600 Si
330 2537 492 2600 ancillam
519 2537 725 2621 quicumque
747 2537 918 2602 violenter
941 2539 1169 2622 conpresserit
1196 2538 1274 2602 alie·

157 2647 236 2688 nam
267 2645 408 2709 eamque
439 2625 687 2691 adulteraverit
717 2629 752 2690 et
781 2626 837 2690 vel
866 2627 903 2689 in
934 2627 1042 2690 domo'
1063 2627 1194 2690 domini
1221 2627 1275 2690 sui

157 2714 264 2779 luerit
293 2710 548 2799 conprehensus
577 2714 632 2779 vel
664 2715 701 2777 in
730 2709 965 2799 quocumqueb
997 2715 1072 2779 loco
1102 2715 1274 2780 violentus

157 2803 310 2868 extitisse
341 2803 565 2880 convincitur,
597 2823 714 2867 servus
743 2804 882 2886 quidem
911 2815 956 2869 Oc
983 2804 1098 2867 hictus
1127 2804 1274 2888 accipiat

157 2891 381 2975 flagellorum,
412 2892 582 2976 ingenuus
605 2911 687 2956 vero
710 2903 734 2958 L
758 2896 793 2957 et
815 2893 956 2977 insuper
979 2893 1045 2956 hoc
1068 2903 1124 2958 XX
1147 2892 1275 2955 solidos

158 2980 282 3044 ancille
313 2980 449 3044 domine
479 2983 619 3044 coactus
643 2980 788 3044 exolvat.
835 2980 1004 3045 Dominus
1029 2983 1155 3057 tamen,
1187 2981 1216 3044 si
1238 2981 1276 3043 id

158 3089 254 3133 servo
269 3068 468 3134 faciendum
482 3069 620 3134 iussisse
635 3068 836 3153 probatur-⁰,
861 3069 1028 3154 superiori
1047 3069 1275 3153 ingenuorum

159 3160 193 3220 et
216 3157 341 3221 damno
365 3160 401 3222 et
423 3157 562 3241 flagello
586 3156 772 3222 subiaceat.

556 3362 653 3422 xvii.
683 3362 867 3433 numqua,

161 3474 238 3540 Del
261 3475 573 3540 meretricibus
595 3476 801 3559 ingenuis
823 3476 892 3540 vel
921 3477 1118 3553 ancillis,
1144 3480 1218 3540 aut
1242 3477 1278 3540 si

161 3583 304 3627 earum
327 3565 470 3629 scelus
493 3565 670 3715 iudicesl
687 3565 941 3716 perqqirere
961 3565 1030 3629 vel
1054 3565 1277 3648 corrigere

597 3673 649 3716 no
677 3673 835 3717 uerin.

266 3758 303 3823 si
333 3759 448 3843 aliqua
478 3759 596 3844 puella
624 3759 775 3842 ingenua
804 3759 896 3823 sive²
923 3759 1047 3824 mulier
1076 3760 1113 3822 in
1137 3760 1277 3824 civitate

161 3847 296 3930 publice
321 3841 606 3912 fornicationemb
634 3867 794 3912 exercens
824 3849 985 3912 meretrix
1012 3851 1219 3932 agnoscatur
1242 3851 1277 3912 et

160 3935 359 4019 frequenter
393 3936 606 4021 deprehensa
642 3937 679 3999 in
714 3935 898 4014 adulterio,
937 3937 1035 4000 nullo
1070 3937 1171 4000 modo
1206 3956 1278 4001 eru-

267 4162 313 4205 XV.
354 4163 376 4210 a)
390 4163 446 4202 deest
460 4162 507 4204 31.
572 4162 596 4211 1))
614 4162 718 4202 ancillam
732 4161 778 4206 aa.
846 4162 866 4209 c)
884 4162 967 4202 artium
981 4161 1026 4202 ulle
1041 4163 1087 4205 Rl.
1155 4159 1178 4210 d)
1196 4159 1279 4202 idonea

162 4215 241 4256 ancilla
255 4216 301 4257 122.
355 4217 377 4264 a)
390 4216 483 4256 infamio
497 4215 544 4258 32.

266 4269 326 4310 XVI.
366 4270 388 4316 a)
402 4269 526 4318 probentur
539 4268 585 4312 112.
640 4267 664 4320 1))
677 4277 817 4317 quacumque
831 4267 904 4307 locum
919 4268 965 4311 Rl.
1019 4271 1038 4317 c)
1052 4267 1185 4318 probabitur
1198 4268 1244 4310 131.

266 4322 338 4365 ΠΗ.
378 4321 401 4374 a)
414 4323 452 4362 vel
465 4322 512 4366 122.
566 4322 589 4370 b)
603 4321 751 4362 fornicatione
765 4322 811 4364 121.

166 4499 191 4566 1)
208 4499 247 4552 De
264 4501 354 4552 eadem
371 4515 401 4552 rc
419 4500 453 4563 cf.
472 4515 492 4553 c.
506 4502 532 4554 3.
551 4499 639 4566 Capit.
657 4499 688 4550 de
706 4499 810 4566 diacipl.
825 4500 936 4566 palatii,
961 4499 1019 4553 LL.
1038 4499 1102 4566 Cup.
1122 4499 1146 4565 I,
1170 4516 1197 4566 p.
1217 4500 1278 4554 298.
