3214 5198
375 509 431 564 HI.
467 509 589 564 INDEX
606 509 744 565 RERUM
762 510 811 565 ΕΤ
829 510 1056 571 VERBORUM.
1223 518 1276 569 373

191 688 252 741 avia
264 691 379 755 paterna
393 690 452 743 125.
467 690 533 753 1261
551 691 697 755 paternum
733 705 801 756 pax:
820 705 916 756 pacem
934 688 1023 742 lacere
1042 692 1085 744 47.
1097 693 1163 755 1931
1182 691 1275 744 dome·

191 763 283 812 torum
301 759 434 812 violantes
454 761 514 813 116.
769 759 837 812 stica
854 777 908 827 pax
927 763 975 827 313
993 777 1048 828 pax
1066 761 1214 829 religionis,
1233 779 1274 815 re-

153 831 243 898 patria
268 833 311 885 41.
337 832 406 895 2643
435 827 570 882 Gotorum
595 847 621 896 p.
648 833 696 896 413
768 829 865 898 ligiosa
892 834 959 896 300;
990 861 1021 869 -
1050 832 1125 901 pacis
1152 831 1276 886 adsertor

190 904 294 967 contra,
314 900 442 953 adversus
461 900 577 967 patriam
597 900 696 965 dicere,
768 904 811 956 47.
832 904 874 956 55.

191 989 271 1041 agere
283 979 327 1026 etr.
344 974 403 1027 178.
419 975 482 1036 1793
500 987 580 1024 causa
592 971 697 1038 patriae
732 971 884 1039 peculiare:
902 973 1040 1040 peculium
1059 977 1087 1025 et
1104 990 1131 1041 p.
1144 973 1275 1026 adunam

193 1046 331 1098 176180.
360 1072 392 1081 —
418 1042 492 1111 leges
510 1042 615 1110 patriae
636 1045 695 1098 154.
769 1043 978 1112 intelligentiam
997 1043 1129 1096 habeatur
1147 1047 1208 1100 283.

153 1113 364 1182 patrimonium:
407 1129 498 1166 eomes
538 1113 697 1181 patrimonii
731 1114 870 1181 peculium
890 1117 950 1169 154.
971 1116 1030 1170 155.
1051 1118 1110 1170 172.
1132 1118 1194 1171 281.
1213 1119 1274 1172 307.

190 1188 250 1240 297.
768 1188 828 1240 309.
848 1188 916 1252 319;
936 1201 1028 1238 servus
1047 1185 1081 1238 de
1099 1187 1206 1253 peculio
1225 1203 1273 1240 suo

153 1256 339 1324 patrocinare:
364 1255 437 1323 parti
454 1255 627 1323 patrocinare
646 1258 695 1321 603
768 1259 876 1323 emptus
913 1259 937 1311 9.
970 1259 1037 1322 1553
1073 1257 1212 1324 peculium
1245 1258 1274 1310 in

190 1327 239 1394 (iu)
259 1327 346 1379 causis
364 1326 535 1394 patrocinare
554 1328 597 1380 64.
767 1326 894 1379 libertate
938 1326 1093 1379 conferatur
1136 1331 1201 1393 3073
1246 1346 1273 1397 p.

153 1397 337 1465 patrocinium
359 1401 401 1453 50.
421 1401 463 1453 60.
483 1399 525 1451 64.
546 1399 694 1452 148-150.
767 1397 909 1465 mancipiis
922 1396 1042 1450 dandum
1059 1398 1274 1452 avenditoribus

191 1472 251 1524 174.
281 1472 339 1524 178.
369 1471 428 1524 186.
458 1471 517 1524 194.
545 1471 606 1523 203.
633 1470 695 1523 218.
768 1471 835 1534 308;
861 1468 1004 1537 descriptis
1028 1469 1160 1522 libertatis
1179 1487 1273 1522 census

189 1543 251 1594 227.
264 1543 325 1594 228.
338 1543 399 1595 272.
412 1542 473 1595 285.
488 1543 555 1604 3103
575 1538 695 1608 ingenui,
766 1556 818 1606 pro
843 1539 949 1606 peculio
968 1540 1116 1607 inponatur
1141 1544 1206 1606 307;
1232 1558 1273 1594 se-

189 1610 270 1663 liberi
300 1611 329 1662 in
358 1610 510 1678 patrocinio
542 1612 601 1664 186.
633 1613 694 1665 228.
767 1609 887 1662 cundum
906 1627 1001 1662 eorum
1022 1612 1160 1678 peculium
1178 1613 1274 1664 censiti

189 1684 255 1747 3073
282 1680 311 1733 in
338 1681 489 1748 patrocinio
517 1679 695 1733 coustitutum
767 1684 827 1736 306.

188 1756 333 1821 percutere
360 1754 426 1817 1943
454 1752 622 1818 conquirere,
648 1750 695 1803 ad·
731 1752 1272 1820 11111111116.110.161.209.272.318;

189 1823 297 1890 quirere
324 1823 353 1875 in
379 1823 531 1890 patrocinio
560 1824 627 1886 1501
657 1823 694 1886 cf.
767 1823 801 1875 de
820 1822 933 1876 tesauris
945 1823 1062 1891 publicis
1074 1824 1218 1891 pecuniam
1231 1823 1272 1876 in-

187 1899 327 1963 patronus,
346 1893 522 1961 obsequium
541 1893 588 1959 qui
606 1893 695 1961 iupa·
767 1894 860 1946 volare
885 1897 953 1958 2091
981 1895 1109 1961 pecunias
1135 1911 1272 1947 commen·

187 1965 304 2018 troeinio
323 1969 365 2017 est
384 1991 415 2008 =
443 1965 616 2017 buccellarius
634 1967 693 2019 148.
768 1964 841 2031 darc,
855 1963 1036 2030 commodare,
1053 1965 1118 2017 dare
1131 1965 1166 2017 ad
1178 1982 1272 2017 usuras

189 2039 256 2101 1493
282 2036 387 2088 saiones
412 2036 440 2088 in
459 2035 611 2104 patrocinio
630 2050 694 2088 cou-
768 2038 879 2100 7.163;
905 2036 1049 2103 pecuniam
1074 2036 1125 2088 sub
1148 2037 1272 2089 cautione

188 2107 276 2159 stituti
296 2110 355 2162 149.
766 2106 903 2174 suscipere
931 2108 956 2161 6.
983 2109 1047 2174 161;
1075 2107 1220 2174 pecuniam
1245 2112 1273 2160 et

151 2181 283 2245 patronus
312 2181 353 2232 13.
383 2180 442 2232 149.
472 2179 531 2232 194.
562 2180 628 2243 2813
662 2200 693 2220 =
766 2194 861 2230 usuras
880 2177 986 2231 solvere
1006 2181 1064 2233 161.

187 2251 369 2301 manumissor
406 2251 455 2303 171
474 2265 543 2315 sqq,
584 2247 694 2314 patroni
729 2248 1272 2316 111111191111111111101111,91111111.

188 2319 348 2385 obsequium
369 2323 417 2384 133
442 2321 477 2383 cf.
496 2319 693 2387 patrocinium:
766 2319 910 2386 pecodum,
923 2334 975 2374 acc.
985 2322 1053 2385 11119.
1063 2319 1198 2387 pecudem
1210 2322 1272 2374 236.

187 2391 297 2458 patroni
314 2389 365 2442 filii
386 2393 427 2445 13.
447 2393 506 2456 149,
529 2393 557 2442 11
580 2393 694 2458 nepotes
766 2393 827 2445 241.
846 2392 908 2444 244.
926 2391 987 2444 246.

188 2465 253 2528 171;
271 2461 416 2528 posteritas
428 2478 455 2528 p.
472 2464 537 2526 1733
556 2477 600 2512 res
619 2476 694 2529 apa·
729 2477 822 2527 pecus,
841 2475 940 2528 pecora
961 2463 1022 2514 229.
1041 2462 1102 2515 231.
1121 2463 1272 2516 238-242.

187 2536 267 2585 trono
287 2532 419 2597 conlatae,
438 2531 555 2584 donatae
573 2534 640 2598 1493
660 2530 694 2584 de
766 2534 826 2586 245.
840 2533 901 2586 246.
914 2533 982 2598 250;
1001 2546 1101 2598 pecora
1114 2531 1273 2584 seinvicem

186 2604 296 2671 patroni
308 2603 470 2670 conlatione,
487 2601 618 2656 beneficio
631 2619 693 2670 pro·
767 2601 932 2655 conlidentia
943 2604 1011 2666 245;
1024 2601 1168 2668 pecoribus
1180 2618 1272 2654 erran-

187 2691 293 2727 merere
313 2677 456 2738 130.142;
475 2673 694 2741 sipatronusin
765 2673 838 2726 tibus
865 2676 1031 2726 caracterem
1061 2671 1174 2740 infigere
1203 2675 1272 2737 258;

186 2745 313 2799 libertate
356 2744 543 2812 (manumisso)
591 2743 694 2810 aliquid
765 2761 866 2811 pecora
892 2743 981 2796 aliena
1006 2743 1035 2794 in
1062 2743 1154 2810 vinea,
1185 2759 1272 2796 messe

187 2815 330 2869 donaverit
350 2820 415 2881 1723
439 2814 486 2882 qui
508 2815 536 2867 in
555 2818 629 2868 terra
646 2831 693 2882 pa·
766 2821 809 2869 etc.
835 2815 947 2867 inventa
971 2817 1036 2882 241;
1064 2831 1091 2881 p.
1110 2814 1272 2866 volomtarie

187 2887 261 2940 troni
273 2887 421 2940 consistens
440 2886 543 2953 aliquid
555 2885 589 2938 de
601 2885 694 2938 labore
766 2886 794 2938 in
807 2886 923 2951 vineam,
942 2901 1058 2937 messem
1074 2884 1191 2938 alienam
1209 2885 1271 2937 mit-

187 2974 237 3010 suo
250 2957 370 3024 adquirit
387 2959 437 3022 ib,
456 2957 506 3009 sub
519 2961 634 3025 patrono
647 2956 694 3008 ad·
766 2962 824 3009 tere
849 2959 916 3023 2383
942 2955 972 3008 in
996 2959 1105 3023 pratum
1129 2955 1271 3008 defensum

188 3029 295 3096 quisita,
321 3028 453 3081 medietas
471 3029 500 3080 iu
518 3028 627 3096 patroni
644 3043 694 3095 po·
765 3045 793 3094 p.
806 3027 916 3080 mittere
934 3030 1002 3094 239;
1020 3044 1047 3094 p.
1061 3026 1197 3094 expellere
1209 3028 1270 3081 240.

187 3104 286 3153 testate
303 3100 432 3152 consistat
451 3101 573 3166 13.149;
592 3097 693 3152 medie·
766 3101 834 3163 2423
852 3116 879 3165 p.
892 3096 1033 3150 includere
1049 3100 1115 3165 241;
1134 3113 1160 3164 p.
1174 3098 1202 3149 in
1215 3098 1271 3150 clu·

186 3177 229 3223 tas
252 3171 386 3237 adquisita
411 3169 451 3222 rei
469 3173 585 3237 patrono
603 3168 694 3222 trada-
766 3186 857 3221 suram
876 3168 985 3221 mittere
1002 3171 1064 3223 246.

187 3246 233 3294 tur
259 3245 325 3308 1503
353 3257 430 3308 quae,
457 3241 522 3292 dum
548 3241 619 3293 seius
645 3245 693 3307 est,
730 3240 828 3306 pedica
846 3243 906 3294 244.

188 3313 346 3379 adquisivit,
372 3313 401 3364 in
424 3311 535 3380 patroni
558 3314 694 3379 potestate
730 3327 814 3378 pena,
842 3327 931 3379 poena
957 3313 1001 3365 81.
1028 3312 1090 3365 203.
1116 3313 1184 3374 304;
1212 3325 1271 3377 opp.

188 3385 337 3436 consistant
356 3386 476 3449 13.149;
495 3382 567 3434 iussa
584 3382 694 3450 patroni
766 3381 912 3434 damnum:
937 3397 1009 3448 pena
1032 3380 1077 3432 vel
1095 3379 1121 3432 d.
1147 3388 1191 3432 etc.
1212 3383 1271 3435 186.

188 3456 346 3522 conplentes
369 3470 426 3506 non
444 3457 525 3506 eruut
546 3453 694 3522 culpaviles
765 3456 827 3508 204.
846 3456 907 3507 205.
926 3455 987 3507 207.
1006 3454 1067 3506 212.
1086 3454 1149 3516 2173
1177 3450 1271 3519 legalis

190 3529 256 3592 1863
289 3525 362 3578 solus
391 3528 522 3593 patronus
553 3523 694 3592 culpavilis
765 3539 837 3592 pena
866 3526 931 3590 105;
963 3539 1057 3574 servus
1086 3521 1211 3575 tradatur
1237 3521 1272 3574 ad

186 3596 322 3650 habeatur
347 3595 370 3648 si
394 3595 492 3648 eodem
515 3594 628 3647 iubente
653 3595 694 3646 in·
766 3611 866 3662 penam
890 3596 952 3649 207.
974 3597 1042 3660 233;
1068 3609 1160 3645 ceram
1182 3590 1272 3644 iudice

187 3684 292 3736 genuus
328 3666 431 3719 inlicita
463 3670 592 3733 operetur
628 3669 693 3732 2273
767 3663 1121 3732 accusatorpenasinferat,
1140 3663 1271 3716 navitam

187 3743 319 3806 patronus
346 3738 381 3791 ad
409 3735 622 3789 satisfactionem
647 3737 694 3790 ob·
767 3737 910 3805 extinguat
923 3738 987 3802 177;
1006 3734 1119 3787 crimine
1132 3734 1272 3787 convictus

187 3809 285 3862 noxius
305 3812 365 3864 186.
384 3811 450 3875 2273
475 3812 622 3876 patronum
648 3807 693 3859 de·
765 3824 883 3875 poenam
925 3805 1043 3874 excipiat
1084 3808 1151 3873 2183
1194 3805 1272 3873 penis

187 3897 285 3946 serere,
303 3880 458 3946 relinquere
478 3882 519 3934 13.
540 3881 693 3944 148-1593
767 3877 883 3930 afflictus
910 3881 1000 3930 morte
1027 3877 1178 3944 perimatur
1205 3879 1271 3940 3113

187 3952 315 4016 alienum,
335 3950 418 4003 alium
432 3950 484 4003 sibi
497 3967 524 4017 p.
538 3949 638 4018 eligere
652 3953 693 4004 13.
766 3965 838 4016 pena
849 3948 945 4000 mortis
965 3951 1031 4015 9023
1051 3947 1160 4015 publica
1176 3946 1271 3999 mortis

189 4025 255 4086 1493
281 4021 316 4073 ad
341 4021 425 4073 aliurn
444 4037 472 4074 ae
491 4020 614 4074 conferre
634 4023 693 4076 150.
766 4037 792 4088 p.
816 4023 884 4085 20ος
909 4035 997 4086 poene
1020 4019 1183 4086 supplicium
1207 4021 1270 4085 101;

189 4123 220 4131 -
240 4098 357 4160 patrona
375 4094 418 4146 94.
765 4090 893 4158 perennis
912 4089 985 4141 exilii
1002 4106 1073 4156 pena
1087 4092 1151 4156 1973
1170 4088 1272 4141 falsarii

151 4167 273 4232 patruus,
298 4165 390 4231 patrui
416 4165 458 4218 78.
485 4166 527 4218 02.
555 4166 614 4218 105.
635 4165 694 4218 135.
766 4178 793 4229 p.
814 4163 874 4216 170.
895 4185 926 4204 =
945 4161 1031 4211 multa
1044 4161 1207 4226 pecuniaria
1224 4162 1272 4212 sti·

188 4237 248 4290 142.
762 4233 878 4298 paura:
899 4230 1057 4298 scripturae,
1075 4231 1272 4298 scripturarum

151 4322 264 4373 pauper,
286 4321 421 4372 pauperes
446 4307 489 4360 57.
509 4306 551 4358 67.
571 4307 613 4359 70.
634 4306 694 4359 110.
766 4301 1271 4371 1111118485.223;Ρ.,1ι1111111ίρ,-

187 4379 248 4432 298.
766 4377 829 4425 ture
842 4372 964 4425 continet
981 4375 1024 4428 85.
1037 4376 1104 4440 223;
1123 4373 1225 4425 autoris
1244 4391 1271 4440 p.

151 4447 282 4514 pavidum
301 4446 413 4506 animali
430 4445 545 4515 inligare
563 4448 624 4500 247.
766 4461 816 4512 per
838 4443 999 4512 scripturam
1024 4447 1117 4495 taxata
1142 4447 1210 4511 223;
1235 4460 1272 4511 p.,
