3198 5202
302 545 355 598 300
491 540 569 594 unx
587 539 703 596 ursus.
722 539 990 596 anccassvmn
1027 539 1094 609 xn,
1113 545 1139 609 2,
1159 544 1183 597 1.
1202 546 1227 597 2.

301 725 385 788 tatis
410 723 649 788 decentissime
674 743 768 807 pace,
793 723 940 786 fidenter
963 723 999 785 in
1013 722 1144 787 virtute
1160 723 1228 788 Dei
1243 725 1425 806 adgrediar

302 815 419 876 hostes
443 813 525 888 eius,
550 813 711 894 insequar
726 811 867 886 emulos,
893 833 1077 895 persequar
1093 813 1262 890 adversos,
1288 817 1424 878 conten·

303 903 387 966 dens
400 901 556 976 viriliter,
574 920 794 983 perseverans
810 900 990 976 instanter,
1004 903 1066 964 aut
1079 901 1331 966 comminuerel
1346 902 1424 966 illos

303 994 343 1052 ut
366 990 564 1075 pulveremr
585 1009 765 1052 excussum
788 992 849 1051 aut
872 989 986 1052 delere
1011 992 1050 1051 ut
1073 989 1184 1052 lutum
1212 991 1424 1054 sordentium

302 1078 526 1163 platearum¹,
552 1079 644 1142 certe
668 1081 729 1140 aut
753 1079 794 1140 de
818 1077 887 1140 illis
909 1080 945 1141 et
965 1077 1046 1141 fidei
1067 1079 1266 1161 conquirere
1290 1078 1424 1143 lucrum

303 1171 338 1232 et
362 1168 470 1250 glorie
487 1166 553 1230 Dei
571 1167 652 1230 dare
675 1167 869 1249 tropheum,
894 1169 944 1242 ut,
970 1167 1053 1228 dum
1076 1167 1195 1231 fideles
1218 1168 1365 1251 populos
1388 1170 1425 1231 in

302 1256 479 1338 religionis
512 1275 605 1318 sacre
638 1259 777 1338 pacem⁸
808 1255 1017 1338 possederim
1048 1256 1160 1337 adque
1190 1257 1347 1320 infideles
1381 1258 1424 1320 ad

303 1345 521 1408 concordiam
552 1342 712 1426 religiose
743 1343 836 1426 pacis
868 1343 1079 1420 adduxerim,
1112 1346 1147 1408 et
1178 1345 1264 1407 mihi
1295 1349 1425 1410 crescat

303 1434 413 1516 gloria
436 1433 614 1516 premium,
640 1434 676 1495 et
697 1433 868 1494 virtutum
884 1431 960 1496 Deo
977 1432 1120 1496 dilatem
1144 1433 1255 1515 adque
1279 1455 1425 1517 augeam

302 1542 457 1605 regnum.

409 1674 448 1731 11.
479 1672 647 1728 FLAVIUS
668 1671 881 1727 GLORIOSUS
900 1672 1211 1729 REOOESSVINDUS
1230 1674 1317 1731 REX.

348 1787 407 1851 De
438 1788 626 1850 omnium
655 1787 855 1850 heresum
886 1786 1111 1850 erroribus
1142 1787 1375 1850 abdicatis.

411 1894 536 1957 Divine
560 1893 699 1956 virtutis
724 1895 882 1956 eternum
907 1893 1088 1956 consilium
1112 1895 1208 1958 etin
1223 1894 1425 1956 ultimorum

305 1984 389 2066 serie
414 1983 606 2047 seculorum
630 1981 770 2065 pietatis
795 1982 867 2044 eius
892 1982 1083 2045 revelatum
1107 2001 1271 2045 arcanum
1294 2003 1354 2065 per
1378 2002 1425 2046 re·

303 2075 540 2135 troactaruma
576 2071 710 2135 dierum
743 2073 900 2152 tempora
934 2090 1083 2146 omnem,
1118 2075 1158 2133 ut
1189 2071 1373 2147 cernimus,
1406 2093 1426 2133 a

306 2161 439 2224 cunctis
468 2160 579 2223 nostri
605 2159 787 2241 regimonii
811 2159 937 2222 finibus
961 2162 996 2222 et
1020 2153 1218 2241 perfidiamb
1247 2160 1425 2243 dissipavit

306 2249 494 2313 errantium
523 2252 559 2312 et
589 2249 790 2330 dogmatum
821 2247 997 2310 abdicabit
1026 2250 1209 2311 conmenta
1232 2269 1424 2331 pravorum.

305 2337 553 2401 Verumtamen
568 2357 622 2410 ne,
648 2337 730 2399 dum
751 2335 877 2399 nostris
894 2336 1110 2400 consistimus
1134 2337 1170 2399 in
1188 2337 1318 2412 diebus,
1342 2339 1424 2400 tern-

305 2447 369 2509 pus
392 2425 473 2488 illut
497 2429 665 2500 occurrat,
698 2426 740 2487 de
763 2445 831 2507 quo
853 2444 913 2488 vas
937 2423 1137 2488 electionis²
1161 2426 1244 2489 olim
1267 2425 1423 2509 protulit,

305 2516 437 2579 dicens:
466 2514 573 2576 ‘Eritl
595 2517 741 2596 tempus
767 2535 844 2576 cum
869 2534 988 2576 sanam
1005 2514 1197 2577 doctrinam
1216 2519 1305 2576 non⁰
1328 2513 1424 2576 susti-

304 2604 471 2681 nebunt0,
497 2604 557 2666 sed
581 2602 770 2666 secundum
794 2623 856 2664 sua
880 2602 1049 2666 desideria
1066 2598 1340 2666 coacerbabuntd
1360 2603 1425 2666 sibi

304 2693 486 2774 magistros
509 2691 702 2774 prurientes
727 2691 866 2754 auribus
890 2694 926 2754 et
949 2712 969 2753 a
992 2690 1138 2755 veritate
1169 2692 1306 2774 quidem
1332 2692 1424 2754 audi·

303 2785 379 2844 tum
403 2784 569 2856 avertent,
602 2781 646 2842 ad
669 2780 807 2843 fabulas
830 2783 947 2842 autem
971 2780 1239 2854 convertentur',
1265 2781 1424 2844 convenit

305 2874 340 2933 et
364 2891 413 2944 ea,
437 2890 503 2951 que
526 2870 583 2932 111Θ
604 2869 681 2932 11199
702 2869 783 2932 fidei
806 2871 956 2944 manent,
982 2890 1002 2930 a
1016 2869 1169 2932 tenebris
1185 2868 1424 2932 contradictio·

304 2980 389 3020 num
419 2959 532 3021 edicto
560 2957 666 3040 legali
697 2957 881 3021 defendere
911 2961 947 3020 et
974 2977 1024 3032 ea,
1056 2978 1121 3039 que
1152 2951 1297 3020 erroririf
1324 2957 1425 3020 obvia

304 3047 451 3110 forsitan
495 3068 589 3110 error
627 3046 806 3129 inpulerit,
851 3046 957 3127 gestis
1000 3045 1170 3127 legalibus
1213 3046 1423 3128 propulsare.

304 3135 430 3197 Nullus
461 3136 578 3218 itaque
610 3135 880 3217 cuiuscumqueg
913 3135 1025 3216 gentis
1061 3139 1123 3197 aut
1154 3135 1289 3216 generis
1322 3136 1424 3197 homo

304 3224 461 3307 proprius
486 3227 521 3287 et
545 3225 687 3299 advena,
719 3223 902 3306 proselitus
931 3225 967 3286 et
993 3223 1167 3305 indigena,
1198 3226 1360 3286 externus
1390 3226 1425 3286 et

304 3313 417 3376 incola
448 3317 569 3376 contra
596 3332 727 3376 sacram
758 3314 793 3374 et
820 3311 1043 3393 singulariter
1065 3333 1171 3374 unam
1194 3313 1350 3375 veritatis
1375 3333 1424 3375 ca·

302 3401 433 3465 tholice
462 3402 565 3466 fidem
595 3420 826 3482 quascumque
849 3401 968 3462 noxias
994 3401 1246 3483 disputationes
1270 3401 1424 3464 eamdem

303 3491 407 3554 fidem
435 3490 631 3573 inpugnans
659 3489 774 3572 palam
803 3489 1026 3570 pertinaciter
1055 3493 1116 3550 aut
1145 3492 1342 3552 constanter
1369 3488 1424 3552 vel

304 3580 458 3662 proferat
481 3580 536 3642 vel
560 3578 713 3661 proferre
730 3576 872 3640 silenter
888 3578 1066 3640 adtemtet.
1103 3577 1230 3640 Nullus
1247 3577 1424 3659 evangelia

304 3687 399 3730 sacra
432 3667 614 3731 convellat.
668 3666 795 3728 Nullus
831 3665 1021 3748 apostolica
1055 3665 1218 3729 instituta
1252 3667 1423 3749 decerpat.

303 3755 431 3818 Nullus
459 3757 679 3837 antiquorum
707 3759 846 3838 patrum
874 3754 1084 3820 defensionis
1107 3755 1210 3816 huius
1235 3775 1347 3817 sacras
1371 3756 1424 3817 de·

304 3844 478 3906 finitiones
508 3845 694 3926 inrumpat.
747 3843 875 3906 Nullus
906 3844 1149 3906 modernorum
1184 3843 1424 3906 disserentium

304 3936 532 4014 congruentes
560 3932 641 3995 fidei
668 3934 838 3995 tractatus
867 3936 1017 4015 spernat.
1063 3931 1190 3995 Nullus
1215 3934 1335 3994 contra
1358 3952 1424 3993 om-

303 4013 408 4084 nemh
436 4024 594 4083 sanctum
616 4041 695 4084 vere
723 4021 804 4083 fidei
828 4025 1080 4084 sacramentum
1108 4023 1169 4084 aut
1198 4020 1425 4102 cogitationes

303 4109 455 4173 ruminet
485 4109 596 4173 cordis
626 4113 687 4171 aut
710 4109 815 4172 verba
842 4109 955 4192 patuli
983 4110 1136 4192 proferat
1160 4109 1238 4172 oris.
1285 4109 1365 4170 Non
1388 4108 1424 4170 in

411 4283 430 4329 r)
445 4281 599 4330 pulverem.
652 4283 671 4328 s)
686 4282 803 4329 paeone.

411 4335 440 4377 11.
483 4337 504 4382 a)
517 4340 698 4382 perpetratorum
712 4335 760 4374 132.
809 4335 831 4380 b)
846 4332 940 4381 perfidia
954 4335 1000 4375 Rl.
1049 4337 1069 4381 c)
1084 4335 1189 4372 abscisum
1204 4334 1249 4374 121.
1298 4331 1321 4380 11)
1336 4344 1426 4373 coacer-

304 4388 454 4429 vabuntRfi.
508 4388 659 4439 e)deest1ll.
713 4388 892 4436 nexuririRl.
946 4388 1165 4435 g)cuiuslibctR2.
1221 4387 1244 4433 h)
1259 4387 1388 4428 9111119112.

304 4511 330 4576 1)
348 4512 390 4576 Cf.
404 4513 505 4566 Psalm.
521 4515 561 4578 17,
576 4515 618 4566 43.
693 4510 720 4580 2)
741 4512 781 4575 Cf.
795 4513 863 4563 Acta
882 4519 965 4577 apost.
986 4515 1010 4577 9,
1026 4514 1067 4566 15.
1140 4512 1168 4576 3)
1185 4514 1210 4565 2.
1228 4511 1295 4565 Tim.
1314 4513 1339 4577 4,
1360 4515 1385 4565 3.
1399 4513 1425 4565 4.
