3264 5206
350 509 353 516 ’
374 503 453 560 LEX
473 503 586 562 VISIG.
605 504 873 564 Recesssvml).
910 506 961 577 VI,
982 511 1006 576 1,
1024 511 1050 564 2.
1069 513 1094 568 3.
1248 513 1299 567 177

180 689 262 751 dum
285 686 379 772 leges
408 687 494 752 alias
521 706 715 771 conponere
739 686 972 771 conpellatur;
1005 692 1066 753 aut
1089 690 1118 754 si
1142 691 1299 758 convinci

179 797 247 840 non
270 776 433 860 potuerit,
466 768 700 840 sacramento¹
729 795 765 840 se
788 776 929 860 expians
953 778 1224 861 conpositionem
1247 800 1299 846 ec·

179 865 294 949 cipiet,
324 884 390 948 que
419 865 461 930 de
488 863 582 928 mala
609 865 776 948 petitione
804 863 940 948 legibus
963 866 1171 932 continetur.
1219 867 1298 952 Spe·

179 952 258 1018 ciali
288 957 406 1018 tamen
436 952 683 1017 constitutione
714 953 943 1030 decernimus,
973 957 1015 1017 ut
1044 961 1220 1038 personam
1250 957 1298 1020 in-

177 1042 284 1106 ferior
310 1041 515 1107 nobiliorem
542 1061 563 1106 a
590 1061 626 1106 se
648 1040 704 1106 vel
732 1041 963 1124 potentiorem
989 1041 1200 1109 inscriberen
1227 1065 1297 1108 non

176 1133 362 1213 presumat.
410 1128 478 1194 Sed
501 1130 531 1194 si
553 1130 742 1214 petendum
760 1129 798 1193 in
815 1149 918 1195 causa
932 1131 1140 1214 putaverit0,
1165 1136 1201 1196 et
1224 1154 1297 1217 pro·

178 1216 274 1283 batio
295 1218 443 1284 fortasse
467 1217 700 1283 convincende
723 1217 774 1282 rei
797 1218 958 1296 defuerit,
987 1217 1136 1284 nobilior
1158 1220 1218 1285 ille
1241 1221 1297 1286 vel

176 1307 351 1389 potentior
381 1306 627 1371 conscientiam
662 1326 759 1370 suam
793 1308 1015 1372 sacramentis
1049 1328 1197 1392 purgare
1227 1331 1297 1374 non

177 1394 330 1472 differat,
359 1396 451 1478 quod
479 1415 544 1459 nec
572 1394 774 1459 admiseritl
801 1414 865 1460 nec
893 1395 1022 1460 habeut
1049 1415 1154 1481 penes
1182 1417 1217 1462 se
1241 1398 1297 1464 vel

176 1484 326 1548 retineat
354 1503 440 1560 rem,
473 1504 535 1567 pro
565 1503 634 1566 qua
662 1483 770 1547 fuerit
798 1484 945 1566 petitue;
977 1487 1014 1548 et
1042 1485 1179 1550 reddito
1209 1486 1295 1551 iura·

175 1575 303 1648 mento,
330 1571 401 1648 ille,
431 1572 491 1654 qui
518 1570 608 1636 male
633 1572 732 1655 petit,
761 1571 852 1635 sicut
875 1571 944 1636 alia
968 1571 1024 1636 lex
1047 1574 1203 1639 continet
1213 1574 1234 1651 1,
1264 1576 1295 1640 ei

176 1679 369 1743 conponere
399 1681 469 1724 non
498 1663 662 1724 moretur.
708 1658 956 1724 Verumtamen
982 1679 1045 1725 seu
1071 1661 1197 1726 nobilis
1224 1665 1295 1727 sive

175 1747 319 1812 inferior
341 1768 402 1813 seu
424 1748 577 1832 ingenua
599 1767 754 1832 persons,
779 1749 808 1812 si
830 1748 1003 1831 questioni
1023 1750 1163 1814 subdita
1177 1750 1293 1828 fuerit,

176 1837 227 1901 ita
257 1857 371 1901 coram
401 1837 514 1902 iudice
542 1837 598 1902 vel
626 1836 703 1902 aliis
733 1837 888 1902 honestis
915 1837 997 1902 viris
1028 1858 1049 1902 a
1075 1839 1189 1904 iudice
1220 1859 1295 1904 con·

142 1979 148 1992 .
175 1925 305 1989 vocatis
336 1929 514 1990 accusator
543 1943 649 2009 penas
684 1926 826 2001 inferat,
862 1945 906 1989 ue
936 1925 1043 1990 vitam
1074 1927 1294 2010 extinguat‘l.

176 2013 221 2076 llt
244 2014 326 2096 quia
348 2034 409 2098 per
430 2014 586 2078 triduum
609 2013 744 2096 questio
767 2014 892 2096 agitari
916 2013 1030 2091 debet,
1058 2015 1088 2078 si
1110 2016 1295 2080 inminenti

176 2122 257 2166 casu
280 2103 340 2185 qui
362 2103 545 2168 tormentis
567 2102 729 2166 subditur
752 2105 908 2166 mortuus
930 2101 1047 2180 fuerit,
1072 2109 1134 2167 exr
1160 2103 1295 2169 malitia

174 2191 299 2254 iudicis
328 2190 384 2254 vel
418 2190 508 2255 alico
542 2190 622 2256 dolo
652 2210 713 2255 seu
742 2190 786 2256 ab
817 2190 1012 2256 adversario
1042 2192 1194 2256 accusati
1225 2212 1293 2258 cor·

174 2282 297 2362 ruptus
320 2279 487 2344 beneficio
510 2279 597 2343 talia
621 2282 796 2344 tormenta
818 2279 893 2343 fieri
914 2299 985 2343 non
1008 2279 1171 2364 proibuit,
1199 2281 1292 2346 uncle

174 2387 265 2430 mors
289 2371 492 2444 occurreret,
521 2368 594 2452 ipse
617 2368 722 2431 iudex
743 2367 938 2450 iniquitatis
961 2368 1123 2452 proximis
1146 2369 1292 2453 parenti·

175 2455 239 2520 bus
262 2455 367 2520 simili
381 2456 537 2520 vindicta
558 2456 755 2540 puniendus
777 2456 947 2520 tradatur.
994 2454 1031 2520 Si
1046 2459 1139 2520 certe
1155 2477 1216 2522 suo
1232 2462 1287 2522 se⁸

174 2546 388 2610 sacramento
409 2540 647 2610 innocentemt
660 2544 860 2622 reddiderit,
886 2548 921 2609 et
943 2547 1060 2619 testes,
1084 2546 1144 2627 qui
1159 2544 1292 2610 fuerint

173 2635 358 2716 presentes,
391 2632 590 2711 iuraverint,
622 2633 714 2716 quod
743 2632 843 2696 nulla
872 2653 934 2697 sua
963 2632 1098 2696 malitia
1127 2632 1182 2698 vel
1212 2634 1292 2697 dolo

174 2723 235 2785 aut
259 2720 477 2805 corruptione
500 2721 659 2786 beneficii
682 2740 773 2785 mors
796 2721 871 2805 ipsa
893 2721 1098 2805 provenerit,
1128 2721 1195 2785 nisi
1219 2721 1291 2786 solo

173 2812 424 2874 tormentorum
458 2811 600 2874 eventu:
635 2830 697 2893 pro
732 2828 785 2888 eo,
822 2809 915 2893 quod
948 2809 1155 2874 indiscretus
1189 2810 1292 2873 iudex

139 2951 145 2964 .
174 2897 347 2982 superflua
361 2918 432 2962 non
447 2897 608 2982 proibuit,
633 2907 701 2964 000
716 2897 847 2963 solidus
870 2897 1054 2962 heredibus
1071 2899 1200 2961 mortui
1216 2917 1291 2962 con-

139 3043 145 3055 .
173 2985 325 3070 pellatur
348 2985 513 3052 exolvere.
553 2987 744 3051 Accusator
770 2989 888 3050 autem
917 2986 954 3048 in
983 2985 1155 3069 potestate
1183 2987 1290 3069 proxi·

172 3077 535 3246 tituletis.
550 3074 1291 3248 tuit.ittftz..tttt⁰.iaitt

171 3270 251 3315 nem
274 3254 384 3316 morte
408 3251 592 3315 damnatus
615 3252 758 3316 interiit.

579 3384 634 3443 111.
665 3384 878 3455 cumeum.

171 3481 251 3544 Pro
286 3479 444 3564 quibus
477 3480 607 3546 rebus
641 3484 684 3547 et
717 3480 913 3564 qualiter
947 3482 1062 3546 servi
1096 3474 1189 3546 velb
1223 3501 1289 3544 an·

215 3568 322 3634 cille
344 3570 583 3651 torquendi
607 3569 774 3633 suntin
799 3569 944 3652 capite
968 3569 1244 3633 dominorum.

279 3673 426 3740 Servus²
455 3695 516 3740 seu
546 3674 675 3740 ancilla
703 3675 739 3737 in
770 3675 883 3759 capite
911 3674 1042 3739 domini
1068 3674 1125 3740 vel
1151 3675 1289 3740 domiue

169 3784 241 3827 non
268 3767 409 3848 propter
432 3763 521 3829 aliut
548 3766 786 3846 torqueantur,
816 3763 884 3826 nisi
912 3766 1052 3828 tantum
1080 3763 1118 3827 in
1149 3764 1290 3827 crimine

277 3918 473 3966 lustramentum
487 3917 534 3961 131.
614 3919 646 3966 m)
658 3915 748 3967 perron
761 3917 809 3961 Bl.
882 3918 907 3966 n)
920 3916 1020 3959 scribere
1033 3917 1081 3960 Bi.
1154 3919 1176 3966 ο)
1190 3918 1223 3956 tta
1236 3917 1288 3966 213

171 3970 272 4021 patuerit
285 3971 337 4022 1²13
358 3970 459 4020 potuerit
472 3971 522 4013 ΒΞ.
595 3972 619 4020 p)
632 3969 734 4010 amiserit
747 3969 794 4012 121.
867 3971 890 4018 q)
906 3969 1025 4018 extlnquat
1038 3970 1085 4012 31.
1152 3971 1172 4018 r)
1185 3980 1228 4010 nec
1241 3969 1289 4011 122.

169 4025 190 4073 ι)
202 4025 261 4063 dont
275 4023 322 4066 111.
376 4023 394 4076 t)
408 4023 464 4062 decet
478 4023 524 4066 121.

277 4077 319 4119 111.
360 4078 382 4126 a)
396 4077 453 4116 acm
466 4077 487 4116 12
496 4077 515 4119 2.
570 4076 593 4125 b)
607 4076 645 4116 vel
658 4076 691 4115 tls
703 4086 745 4119 scr.
759 4076 805 4119 121.

171 4182 198 4248 1)
213 4183 243 4237 V.
262 4198 348 4250 supra
365 4180 405 4249 11,
425 4184 451 4248 2,
469 4183 495 4249 9,
512 4199 541 4249 p.
555 4183 604 4245 'lb;
621 4187 646 4233 ot
663 4182 742 4245 infra
760 4179 823 4247 VII,
844 4183 868 4247 1,
888 4183 914 4236 5.
987 4181 1015 4248 2)
1033 4181 1075 4246 Of.
1092 4181 1126 4236 L.
1144 4181 1219 4234 Bora.
1234 4181 1289 4235 Vis.

170 4253 249 4309 Paul.
273 4252 298 4320 I,
318 4255 361 4319 12,
381 4255 411 4308 3:
444 4249 479 4306 In
504 4254 588 4320 caput
611 4249 716 4306 domini
737 4249 881 4320 patronive
903 4267 955 4306 nec
977 4266 1070 4306 servus
1097 4267 1149 4304 uec
1175 4249 1288 4304 libertus

169 4322 334 4393 interrogari
350 4325 450 4391 potest.
486 4323 671 4390 Recipiuntar
688 4329 776 4375 amm
793 4323 859 4374 aliis
878 4323 941 4374 locis
957 4323 1047 4375 ecdem
1065 4337 1098 4374 ιω
1112 4329 1200 4390 parte,
1222 4337 1290 4389 quae

171 4394 213 4446 tic
225 4396 405 4462 aspiratur,
419 4394 552 4446 crimino:
564 4394 702 4461 adulat-ii,
717 4393 802 4446 aaa
813 4394 969 4460 macerata,
983 4394 1071 4458 falsae
1082 4399 1215 4455 metatam
1234 4393 1251 4445 l.
1264 4395 1288 4447 1.

171 4465 233 4520 Cod.
245 4465 298 4533 IX,
311 4467 362 4527 41,·
381 4466 400 4519 l.
411 4467 455 4521 53.
470 4463 533 4530 Dte.
547 4465 576 4531 V,
589 4468 613 4521 1.
640 4464 680 4529 Of.
691 4463 922 4530 Weaarschaom,
937 4463 978 4517 De
991 4465 1141 4529 aman.
1150 4482 1179 4532 p.
1189 4465 1224 4519 86
1233 4479 1287 4529 sqq.

1041 4572 1075 4625 12
