3264 5206
284 552 335 606 172
466 545 545 602 LEX
562 544 677 602 VISIG.
696 543 965 602 Rnccnssvmn.
1002 544 1038 614 V,
1058 549 1083 612 7,
1102 548 1215 606 12-14

284 723 564 797 concutianturb.
619 728 687 809 Qui
715 750 795 794 vero
826 731 869 794 de
899 729 1028 794 eisdem
1057 729 1189 795 fuerint
1218 732 1401 816 progeniti,

283 823 328 885 ad
350 820 588 885 testimonium
611 819 853 882 admittantur.

677 1007 760 1064 xm.
791 1005 1003 1077 nunquan.

327 1123 387 1186 De
416 1121 546 1186 rebus
577 1119 846 1198 manumissi,
878 1121 914 1184 si
944 1121 1106 1203 absque
1136 1120 1353 1206 legitimis

656 1207 775 1272 filiis
805 1209 1028 1274 moriatur.

391 1316 428 1382 si
458 1316 686 1386 manumissus
717 1316 790 1380 sine
820 1315 901 1382 filiis
936 1314 1092 1400 legitimo
1123 1316 1282 1400 coniugio
1311 1317 1403 1380 natis

283 1405 476 1482 transierit,
499 1408 535 1470 et
563 1404 595 1470 ei
622 1407 788 1488 patronus
812 1405 850 1467 in
873 1403 1035 1470 libertate
1058 1404 1190 1489 aliquid
1214 1406 1402 1482 donaverit,

285 1498 346 1560 aut
369 1495 516 1558 forsitan
539 1494 582 1558 de
606 1494 678 1558 eius
702 1493 867 1558 servituis
891 1493 1085 1559 discesserit
1108 1497 1144 1558 et
1167 1493 1252 1558 alibi
1272 1513 1307 1558 se
1328 1514 1404 1558 oon·

284 1583 415 1660 tulerit,
446 1583 563 1647 omnia
592 1582 636 1645 ad
666 1585 851 1666 patronum
880 1583 951 1646 sive
981 1583 1026 1646 ad
1056 1582 1129 1649 eius
1159 1582 1303 1647 heredes
1330 1583 1404 1647 sine

285 1673 390 1736 dubio
417 1664 674 1754 revertanturl.
722 1669 822 1748 Quod
845 1671 874 1735 si
897 1670 1055 1735 forsitam
1082 1671 1240 1736 interra
1267 1672 1405 1755 patroni

286 1762 475 1825 consistens
510 1758 640 1842 aliquid
672 1760 714 1824 de
744 1758 862 1824 labore
892 1779 954 1824 suo
984 1759 1199 1844 adquisierit,
1237 1760 1405 1824 medietas

285 1850 407 1914 exinde
431 1849 468 1912 in
491 1848 629 1933 patroni
652 1850 825 1932 potestate
849 1849 1024 1927 consistat,
1053 1851 1089 1913 et
1116 1849 1160 1914 de
1188 1848 1257 1913 aIIa
1281 1849 1405 1913 medie·

284 1941 358 2002 tate
393 1936 538 2001 libertus
571 1936 724 2001 faciendi
758 1937 851 2021 quod
879 1937 1029 2002 voluerit
1063 1938 1100 2000 in
1129 1937 1203 2002 eius
1232 1940 1405 2021 potestate

285 2029 495 2111 permaneat.
543 2023 642 2104 Quod
671 2025 699 2089 si
729 2025 836 2089 aliurn
864 2029 1049 2110 patronum
1079 2026 1145 2090 sibi
1173 2025 1342 2110 helegerit
1369 2029 1405 2090 et

286 2114 349 2178 sub
380 2135 420 2179 eo
453 2113 585 2197 aliquid
619 2114 834 2198 adquisierit,
870 2114 1037 2181 medietas
1072 2115 1242 2197 adquisite
1276 2115 1327 2180 rei
1360 2116 1406 2178 ad

286 2203 551 2267 manumissore⁰
581 2205 778 2280 concurrat;
810 2203 880 2267 alia
907 2224 987 2268 vero
1018 2204 1185 2269 medietas
1214 2204 1260 2268 ad
1289 2224 1405 2268 manu-

287 2293 381 2356 missi
408 2292 589 2375 proximos,
621 2293 691 2357 sive
719 2292 807 2356 servi
834 2292 905 2356 sint
932 2293 1003 2356 sive
1031 2287 1170 2370 liberid,
1202 2292 1286 2356 sine·
1299 2292 1405 2356 dubio

285 2383 513 2458 revertatur0,
536 2379 592 2444 vel
615 2381 652 2443 in
674 2400 777 2463 quem
798 2379 949 2445 voluerit
971 2381 1060 2445 hanc
1083 2381 1307 2446 medietatem
1329 2402 1405 2445 oon-

286 2468 421 2533 ferendi
449 2469 577 2534 habeat
600 2471 819 2553 potestatem.
865 2469 962 2537 Illud
984 2490 1074 2546 vero,
1105 2470 1197 2552 quod
1228 2471 1260 2534 ei
1290 2490 1404 2534 manu-

287 2559 408 2623 missor
431 2551 646 2635 donabericf,
677 2559 714 2623 in
741 2559 879 2642 patroni
905 2561 1078 2642 potestate
1102 2562 1310 2643 permaneat.
1357 2557 1406 2622 si-

287 2647 377 2710 milis
401 2651 437 2712 et
460 2647 551 2712 cirea
574 2646 717 2711 ancillas
740 2647 966 2714 manumissas
988 2647 1101 2712 forma
1124 2651 1288 2712 servetur.
1434 2675 1464 2717 o.

472 2834 571 2892 XIIII.
601 2834 771 2892 FLAVIUS
789 2834 1103 2892 OIIINDASVINDUS
1122 2835 1210 2892 REX.

287 2947 347 3012 De
376 2948 711 3012 conditionibus
735 2953 780 3012 al
807 2949 1119 3012 manumissore
1147 2948 1190 3010 in
1219 2948 1405 3033 scriptu-

505 3058 593 3100 ram
622 3037 877 3100 manumissi
908 3037 1185 3121 conscriptis.

395 3142 463 3222 Qui
490 3143 700 3227 mancipium
730 3162 830 3206 suum
859 3163 920 3227 per
948 3144 1153 3227 scripturam
1183 3143 1331 3209 liberum
1357 3142 1406 3206 ia·

288 3233 380 3296 ciens
405 3225 649 3296 constitueritb
668 3231 825 3308 fortasse,
849 3252 920 3296 non
943 3231 1046 3296 licere
1071 3233 1102 3296 ei
1126 3233 1168 3297 de
1184 3232 1320 3317 peculio
1344 3251 1406 3296 suo

288 3319 419 3404 aliquid
442 3321 604 3397 iudicare,
629 3321 658 3384 si
681 3321 765 3403 quid
788 3321 911 3385 exinde
935 3320 1080 3385 libertus
1103 3321 1270 3386 libertave
1287 3321 1406 3385 distra-

287 3409 376 3473 xerit
401 3409 457 3472 vel
485 3408 674 3486 donaverit,
703 3410 813 3473 modis
841 3409 1000 3473 omnibus
1027 3409 1219 3474 invalidum
1247 3410 1322 3486 erit,
1351 3428 1406 3493 pa-

287 3502 408 3561 tronus
437 3497 510 3561 eius
538 3496 670 3562 scilicet
698 3502 759 3562 aut
783 3498 922 3582 patroni
944 3497 1008 3561 filii
1031 3499 1147 3562 omnia
1169 3498 1235 3562 sibi
1257 3497 1406 3562 vindica·

286 3587 368 3651 turi.
412 3585 512 3650 Oerte
535 3586 565 3649 si
587 3585 686 3650 nulla
708 3586 790 3650 talis
814 3587 971 3651 condicio
992 3587 1234 3664 intercesserit,
1259 3586 1406 3651 liberum

289 3675 354 3738 erit
383 3674 445 3751 illi,
477 3675 536 3757 qui
566 3674 653 3738 liber
683 3679 736 3740 est
764 3676 931 3751 redditus,
963 3675 1003 3739 de
1034 3675 1169 3760 peculio
1200 3696 1262 3740 suo
1291 3675 1406 3740 faeere

288 3764 380 3846 quod
403 3762 568 3840 voluerit;
598 3766 659 3826 aut
687 3764 792 3828 etiam
819 3765 849 3827 si
872 3765 1114 3828 inhordinatus
1142 3765 1290 3830 moriens
1317 3763 1406 3828 filios

288 3852 461 3934 legitimos
487 3873 557 3916 non
584 3852 772 3935 reliquerit,
800 3853 856 3916 vel
884 3852 988 3917 aliam
1015 3873 1265 3936 quamcumque
1293 3852 1407 3916 condi-

286 3941 401 4004 tione⁰
430 3940 588 4005 dominus
616 3941 689 4005 eius
717 3962 778 4025 per
805 3943 949 4006 eandem
977 3937 1175 4006 libertatis(1
1201 3943 1407 4026 scripturam

287 4049 358 4092 non
381 4030 551 4107 statuerit,
581 4031 624 4094 ad
648 4033 851 4115 patronum⁰
880 4034 942 4094 aut
965 4026 1035 4094 ad(1
1061 4031 1200 4115 patroni
1223 4030 1311 4095 filios
1335 4030 1407 4093 uni·

287 4137 384 4182 versa
407 4138 460 4183 res
484 4118 557 4182 eius
581 4119 626 4182 ad
648 4119 824 4202 integrum
846 4119 1045 4202 pertinebit.

394 4325 416 4374 b)
431 4327 573 4367 concutlatur
586 4327 632 4368 111.

393 4379 456 4421 XIII.
497 4379 652 4429 ansatas.
705 4379 926 4427 preveniamur.
981 4380 1137 4430 attalem.
1199 4378 1408 4428 unimodum.

288 4433 309 4479 e)
323 4435 468 4472 revertantur
481 4433 528 4476 121.
581 4433 599 4481 s)
614 4430 734 4472 donaverlt
747 4433 795 4476 122.

394 4485 468 4529 XIIII.
502 4488 525 4534 a)
538 4482 568 4525 ad
582 4486 743 4527 manumlssor'a
757 4486 869 4536 scripturi
883 4487 930 4529 131.
977 4487 1000 4536 b)
1014 4487 1143 4528 constiterit
1156 4487 1202 4530 ΕΙ.
1251 4489 1271 4535 o)
1285 4487 1317 4525 ito
1331 4485 1408 4528 ΒΗ.

288 4537 311 4586 d)
325 4539 381 4577 decet
395 4539 441 4582 ΕΙ.
496 4541 517 4588 e)
532 4543 628 4590 patrona
642 4541 689 4583 Rl.
