3220 5212
347 555 377 610 X
785 551 1015 608 PRAEFATIO,

348 739 414 802 bus
438 741 473 802 et
504 735 753 802 consuetudine
783 735 1004 800 tenebantur.
1050 734 1095 798 Et
1122 755 1190 816 cap.
1215 740 1268 800 51.
1296 737 1334 800 de
1360 735 1469 801 Leon-

346 825 434 908 pildo
456 825 573 905 refert:
596 825 640 888 In
659 824 794 908 legibus
813 844 948 907 quoque
965 844 1015 901 ea,
1037 843 1124 906 quae
1148 823 1192 890 ab
1209 825 1335 890 Eurico
1352 826 1468 890 incon-

349 916 423 981 dite
435 915 626 980 constituta
635 913 852 990 videbantur,
866 913 1022 990 correxit,
1036 912 1202 996 plurimas
1214 913 1308 998 leges
1320 917 1468 998 praeler-

349 1005 469 1068 missas
485 1003 648 1080 adiciens,
673 1001 854 1086 plerasque
869 1002 1060 1084 superfluas
1075 1001 1247 1066 auferens.
1293 1002 1366 1067 Hos
1386 1002 1469 1068 solos

348 1091 543 1174 lepislatores
564 1111 653 1173 repes
668 1088 782 1172 populi
804 1087 856 1154 sui
872 1088 1020 1154 Isidorus
1041 1095 1202 1171 uuuorat,
1226 1089 1397 1156 Alariuuu
1413 1090 1467 1156 II.

347 1181 432 1260 forte
454 1178 524 1244 ideo
547 1178 700 1259 omittens,
727 1176 803 1260 quia
825 1199 891 1243 uon
918 1176 1032 1243 Gothis
1054 1177 1135 1259 lepos
1158 1177 1252 1260 dedit,
1275 1181 1331 1244 sed
1352 1180 1467 1244 Rorna-

348 1289 464 1334 norum
486 1268 567 1350 lepos
590 1266 720 1350 collepit.
760 1266 840 1332 Oura
862 1265 976 1348 quibus
992 1265 1116 1332 Isidori
1137 1266 1241 1332 uerbis
1263 1266 1376 1350 optime
1399 1289 1467 1334 oon·

347 1356 456 1423 uenire
478 1358 626 1422 ordeum
648 1356 728 1438 lepos
751 1354 994 1436 Vuipotloorurn
1026 1374 1106 1436 quas
1128 1355 1296 1437 laluuus,·
1324 1356 1354 1420 si
1383 1357 1479 1422 cuin

1585 995 1588 1090 l

1586 1159 1588 1214 l

1586 1215 1588 1244 ι

1586 1247 1588 1286 1

1586 1289 1588 1344 l

348 1444 466 1512 codicis
480 1443 680 1510 Parisieusis
701 1444 884 1526 fraumenta
907 1450 936 1508 et
958 1464 1039 1525 quae
1061 1443 1097 1508 iu
1113 1445 1197 1526 Lepe
1213 1444 1468 1512 Baiuuarioruu

348 1533 549 1601 audirentur
579 1535 623 1598 ad
651 1531 879 1615 lepislatiouern
901 1531 1026 1614 Eurioi,
1053 1529 1221 1614 ‘antiquas'
1244 1539 1348 1598 auum
1371 1533 1467 1616 Lepos

348 1621 653 1690 Reooessoiudiauae
687 1623 732 1686 ad
763 1619 951 1686 recisionem
979 1643 1002 1685 a
1031 1620 1214 1704 Leooipildo
1244 1642 1316 1703 repe
1346 1623 1468 1703 factam
1582 1695 1588 1712 ⁴

347 1733 539 1778 revocamud.

455 1798 613 1864 Ihrricuru
635 1805 793 1864 auctorem
814 1797 915 1879 fuisse
937 1798 1190 1880 frapuceutorum
1218 1798 1286 1863 iuni
1315 1799 1468 1882 suspiem

347 1911 414 1954 esse
442 1887 590 1954 uidentur
618 1886 683 1952 oiri
712 1886 794 1952 docti
827 1886 878 1951 illi
907 1886 1031 1952 ordinis
1064 1887 1168 1953 sancti
1196 1887 1376 1969 Benedicti,
1411 1889 1467 1970 qui
1586 1893 1588 1966 j

347 1977 543 2060 scripserunt
565 1997 642 2058 opus
663 1975 754 2052 illud,
785 1977 869 2057 quod
889 1974 1093 2041 inscribitur:
1124 1973 1291 2042 ‘Nouueau
1313 1976 1406 2042 truite
1429 1979 1467 2046 de
1586 1987 1588 1994 '

349 2064 581 2148 diplouiatique'
606 2060 722 2142 (Paris
748 2069 831 2130 1750
847 2063 952 2147 sqq.);
975 2064 1016 2144 cf.
1043 2063 1159 2148 Gaupp
1174 2087 1211 2146 p.
1237 2071 1296 2146 3l,·
1318 2065 1464 2149 Blulrne,

347 2153 495 2236 Antiqua
518 2175 554 2235 p.
570 2159 622 2214 XI.
669 2151 858 2218 Fridericus
887 2152 1024 2218 Blulune
1053 2159 1169 2235 auten
1200 2153 1256 2235 qui
1284 2154 1467 2236 frapruenta
1586 2147 1588 2234 ξ

348 2242 455 2324 edidit,
480 2241 517 2307 iu
540 2241 637 2307 libelli
660 2263 752 2324 saepe
775 2241 865 2306 citati
880 2241 1086 2324 praefatione
1109 2263 1147 2306 ea
1169 2263 1235 2307 nou
1256 2243 1387 2324 Ilrrioo,
1411 2245 1468 2310 sed
1586 2235 1588 2284 ¹

285 2377 288 2384 -
348 2332 528 2397 Reocaredo
555 2331 587 2396 Ι.
619 2327 666 2408 (a.
692 2331 896 2412 sss-601)
931 2329 1115 2395 vindicarit.
1173 2329 1272 2397 Cuius
1300 2331 1464 2413 enitentia,

348 2419 493 2502 quaruois
514 2419 733 2500 fundamentis
754 2417 834 2484 satis
856 2417 998 2498 infirmis
1020 2418 1094 2483 nisa
1117 2425 1146 2484 et
1167 2441 1189 2484 a
1211 2420 1273 2484 Ta.
1289 2420 1332 2484 E.
1350 2419 1465 2502 Gaupp

347 2509 385 2574 in
406 2507 587 2574 recensione
617 2503 735 2587 f‘Neue
757 2507 929 2574 Jeuaisoloe
957 2507 1139 2589 allpemeinc
1162 2508 1466 2592 Litteraturreituup

356 2598 436 2680 VII,
464 2602 558 2677 1848,
583 2619 618 2680 p.
639 2603 697 2660 161
717 2598 799 2679 sqq.)
831 2602 860 2661 et
888 2595 925 2661 iu
956 2595 1164 2662 ‘Germanist
1187 2597 1363 2663 Abnouae!
1393 2598 1413 2662 l.
1438 2619 1464 2663 c.
1586 2593 1588 2654 l

346 2685 473 2768 optimis
501 2707 540 2751 eu
569 2684 674 2751 causis
703 2685 853 2766 refutata,
878 2705 940 2766 per
962 2684 1137 2767 lonqinquo
1159 2692 1299 2768 tempora
1321 2685 1464 2752 olliuuit.

348 2773 454 2840 Secuti
476 2781 549 2839 sunt
571 2795 641 2840 earn
662 2773 748 2839 iuter
763 2773 845 2838 alios
861 2773 995 2855 Merlrel,
1012 2773 1198 2856 Holffericlo,
1216 2775 1336 2857 Stablo,
1352 2775 1464 2840 Delu.
1586 2773 1588 2800 ³

348 2865 461 2946 Nuper
495 2869 599 2928 autern
633 2863 679 2927 Η.
710 2863 874 2944 Bruuuer,
907 2860 1073 2928 ‘Deutscloe
1102 2862 1402 2944 Rechtspesclriolite'
1433 2864 1463 2946 I,

340 2975 377 3034 p.
402 2957 465 3016 321
482 2972 548 3034 sqq.
588 2950 711 3034 Gaupii
748 2949 936 3017 senteutiam
969 2951 1037 3031 fere
1072 2951 1199 3016 oblitane
1235 2952 1402 3034 resurnpsit
1437 2959 1466 3017 et

346 3040 437 3106 nouis
460 3063 498 3106 eu
514 3046 610 3122 parte
633 3039 738 3106 causis
751 3039 910 3121 probauit.
950 3041 1037 3121 Quas
1052 3061 1137 3106 uuna
1153 3040 1286 3105 breuiter
1300 3061 1464 3122 eupouaru,
1587 3097 1588 3106 2

339 3128 487 3213 propria,
511 3129 566 3194 ubi
589 3130 673 3194 locus
695 3135 749 3210 est,
773 3127 970 3194 ruuuirneuta
993 3128 1170 3193 additurus.

453 3218 591 3282 Bluluue
613 3216 728 3282 nititur
751 3218 825 3299 loco,
857 3217 912 3299 qui
940 3222 1042 3282 eustat
1070 3217 1107 3281 iu
1134 3217 1308 3298 eueruplari
1330 3190 1466 3298 quodam
1586 3255 1588 3296 ς

346 3306 534 3389 interpolato
554 3305 720 3371 Historiae
736 3305 868 3387 Isidori,
893 3307 976 3386 quod
997 3305 1121 3370 saeculo
1138 3306 1251 3370 XIII.
1275 3307 1383 3372 Isucas
1405 3307 1466 3390 epi-
1583 3297 1588 3388 ,1

345 3416 457 3476 scopus
476 3395 632 3460 Tudeusis
649 3416 726 3460 suae
750 3392 980 3459 Olirouiooruru
1003 3393 1175 3459 collectioni
1196 3394 1342 3460 inseruit.
1382 3396 1466 3461 Loco

346 3483 407 3548 isto
434 3483 635 3566 interpolato,
666 3481 721 3565 qui
748 3481 887 3565 pennino
917 3482 1004 3564 operi
1027 3481 1151 3548 Isidori
1177 3485 1260 3548 deest
1269 3483 1290 3564 1,
1321 3486 1359 3549 de
1389 3484 1466 3551 1330.

346 3574 460 3638 oaredo
488 3573 518 3636 I.
546 3573 702 3652 refertur:
733 3593 824 3636 anno
850 3573 949 3655 regni
976 3573 1031 3636 sui
1053 3575 1150 3637 sexto
1178 3571 1344 3638 Gothioas
1372 3573 1466 3658 leges

347 3663 577 3745 conpendiose
606 3663 692 3726 fecit
723 3660 932 3739 abbreviari3
964 3660 1006 3740 of.
1038 3660 1171 3726 Solottii
1198 3660 1366 3743 Hispania
1396 3662 1466 3728 illu·
1586 3659 1588 3690 ¹

345 3756 448 3814 strata
472 3749 537 3830 IV,
555 3773 591 3833 p.
617 3755 670 3813 50.

458 3838 536 3920 Quis
551 3844 656 3902 auteur
670 3835 774 3919 inopis
789 3839 926 3902 crederet
940 3837 1160 3919 interpolatori
1178 3837 1346 3920 iuoopnito,
1371 3859 1467 3921 quarn
1586 3899 1588 3920 ,

345 3926 410 4009 ipsi
432 3925 556 3992 auctori
577 3927 641 4006 fide
662 3924 874 4008 dipuissiuro?
907 3925 1057 3992 Isidorus
1071 3926 1156 3992 enirn
1171 3927 1332 4010 episcopus
1346 3927 1467 4010 Hispa·
1586 3921 1588 4008 ζ

346 4015 457 4096 leusis,
493 4013 750 4096 metropolitauus
777 4014 965 4096 prouinciae
996 4015 1161 4097 Baeticae,
1196 4015 1281 4080 iuter
1308 4016 1468 4098 primates
1586 4011 1588 4082 l

345 4103 547 4186 Hispanicae
576 4103 723 4168 ecclesiae
752 4103 879 4169 ineunte
908 4105 1032 4170 saeculo
1046 4101 1048 4104 ’
1061 4104 1144 4169 VII.
1168 4104 1468 4186 praestantissiuurs
1587 4127 1588 4190 }

346 4199 424 4274 erat,
456 4191 511 4274 qui
532 4198 688 4275 praeerat
716 4191 859 4258 conciliis
884 4192 985 4274 repul,
1015 4191 1195 4272 familiaris
1216 4214 1324 4274 repurn
1352 4193 1467 4260 Gotho·
1586 4193 1588 4244 ἕ

345 4302 428 4361 ruru,
459 4301 524 4346 nou
552 4280 659 4345 uriuus
682 4283 774 4346 rebus
790 4281 930 4364 publicis
952 4301 1048 4363 quarn
1070 4281 1288 4348 ecclesiasticis
1310 4287 1466 4363 euporius.
1586 4277 1588 4364 l

348 4492 374 4556 1)
394 4491 437 4554 Of.
450 4491 481 4543 de
492 4491 542 4542 hac
553 4508 583 4543 re
596 4492 706 4544 Areoalt
717 4460 905 4558 Prolepomeua
917 4507 962 4542 seu
975 4492 1132 4544 Isidoriauu
1145 4492 1185 4558 ΙΙ,
1197 4509 1255 4560 cup.
1265 4495 1308 4558 79,
1324 4496 1339 4555 ξ
1354 4495 1386 4546 16
1396 4507 1468 4559 sqq„·
1586 4451 1588 4492 ξ

346 4563 450 4614 Isidori
469 4563 555 4628 Opera
573 4563 597 4628 I,
612 4579 642 4628 p.
657 4565 709 4618 700
721 4579 776 4630 sqq.
