3218 5202
343 501 421 558 LEX
438 502 554 561 VISIG.
573 499 842 558 Rnoonssvmn.
879 499 957 570 11,1,
975 503 1019 557 24.
1037 503 1081 558 25.
1243 503 1278 558 55

155 689 259 772 cepit.
292 687 458 751 Similiter
467 687 478 724 1
488 707 622 769 quoque
631 679 656 762 f,
671 678 772 769 quiaf
784 685 1014 768 cognovimus,
1028 684 1120 767 quod
1133 685 1275 762 saiones,

154 778 214 860 qui
244 798 307 860 pro
338 777 449 840 causis
480 775 601 840 alienis
624 775 766 852 vadunt,
798 773 944 838 maiores
974 793 1036 858 pro
1067 773 1184 837 labore
1215 794 1277 837 suo

154 866 363 942 mercedem,
396 886 499 948 quam
528 867 714 940 merentur,
746 863 927 946 accipiant,
959 866 1143 946 propterea
1173 861 1277 926 simili

155 954 295 1018 decreto
325 953 412 1036 legis
441 953 545 1016 huius
576 953 732 1028 edicitur,
763 954 813 1028 ut,
845 951 905 1034 qui
934 971 997 1035 pro
1021 951 1132 1014 causis
1156 950 1277 1015 alienis

153 1044 297 1119 vadunt,
327 1042 499 1106 decimum
525 1041 745 1104 tantumdem
775 1039 945 1103 solidum²
975 1060 1036 1122 pro
1066 1039 1184 1103 labore
1215 1059 1277 1103 suo

155 1131 370 1214 conquirant.
426 1129 527 1209 Quod
562 1131 591 1194 si
625 1129 749 1213 aliquis
783 1149 886 1212 super
920 1128 1013 1192 hunc
1049 1129 1277 1192 constitutum

153 1241 337 1283 numerum
352 1239 519 1304 usurpare
535 1209 797 1303 presumserith,
823 1221 858 1281 et
881 1217 1064 1293 mercedes,
1089 1237 1173 1300 quas
1196 1217 1277 1299 legi·

153 1302 257 1372 timei
289 1309 410 1372 debuit
440 1309 604 1392 accipere,
636 1307 768 1392 perdat,
801 1309 836 1370 et
866 1305 1034 1389 quidquid
1065 1325 1167 1388 super
1190 1305 1277 1369 deci·
1313 1338 1315 1344 ,

155 1419 251 1460 mum
270 1397 419 1461 solidum
434 1389 615 1460 fraudemk
634 1389 906 1479 quamcumquek
932 1394 1133 1478 perceperit,
1160 1394 1277 1477 dupla·

154 1491 232 1550 tum
261 1486 325 1564 illi,
357 1486 414 1550 cui
443 1485 598 1562 abstulit,
629 1485 763 1549 reddat.
818 1483 929 1562 Quam
960 1484 1077 1546 datam
1107 1483 1277 1546 commodi

155 1568 342 1638 summaml
373 1596 414 1638 ex
444 1574 520 1658 lege
550 1577 623 1637 tam
653 1573 757 1637 iudex
787 1594 890 1656 quam
919 1573 990 1636 saio
1019 1572 1093 1636 dem
1115 1571 1276 1636 restitute

124 1719 129 1730 .
154 1665 205 1728 rei
229 1664 466 1747 conpositione
490 1663 680 1746 conquirat.
728 1660 829 1740 Quod
852 1663 880 1725 si
904 1681 953 1738 ea,
978 1681 1044 1744 que
1066 1661 1170 1724 iudex
1190 1661 1277 1723 ordi·

153 1773 237 1817 nare
262 1753 426 1830 decernit,
452 1752 522 1816 saio
547 1751 693 1816 callidus
716 1750 848 1834 inplere
870 1749 1069 1826 neclexerit,
1094 1749 1123 1813 si
1145 1769 1209 1826 res,
1234 1748 1276 1812 de

154 1847 244 1924 qua¹¹
264 1842 388 1924 agitur,
414 1841 552 1920 unciam
568 1841 644 1903 auri
666 1840 723 1904 vel
745 1840 838 1902 infra
852 1839 967 1903 valere
984 1838 1188 1914 constiterit,
1212 1837 1275 1914 illi,

155 1931 212 1994 cui
235 1950 290 1994 res
314 1930 433 1993 debita
455 1933 517 2006 est,
541 1930 634 1993 idem
658 1929 729 1992 saio
751 1928 793 1992 de
810 1949 871 1992 suo
888 1927 964 1990 auri
979 1927 1128 1991 solidum
1143 1926 1276 1990 reddat.

156 2019 193 2082 Si
209 2022 302 2083 certe
318 2018 417 2103 plus⁰
437 2018 595 2096 valuerit,
620 2038 682 2101 per
706 2017 859 2101 singulas
882 2017 1001 2080 uncias
1025 2015 1178 2100 singulos
1202 2015 1277 2078 soli·

124 2163 129 2174 .
156 2108 217 2171 dos
248 2128 310 2190 pro
341 2128 403 2171 sua
432 2107 599 2171 tarditate
634 2105 816 2190 persolvat.
870 2106 982 2169 Iidem
1015 2124 1096 2168 vero
1134 2104 1276 2181 saiones,

156 2217 235 2260 cum
265 2217 327 2280 pro
358 2197 469 2260 causis
499 2195 621 2260 alienis
647 2196 794 2271 vadunt,
826 2195 856 2258 si
885 2193 997 2257 minor
1027 2212 1130 2257 cansa
1160 2196 1212 2257 est
1242 2195 1277 2256 et

154 2305 310 2368 persona,
342 2286 427 2348 duos
458 2285 634 2349 caballus²
656 2286 795 2348 tantum
818 2283 936 2360 abeo,
968 2283 1064 2346 cuius
1089 2283 1276 2358 causaest,

155 2374 304 2458 accipiat
333 2373 542 2456 fatigandos.
591 2372 627 2436 si
656 2393 737 2437 vero
768 2371 903 2435 maiorl'
930 2391 1076 2455 persona
1104 2369 1212 2434 fuerit
1237 2372 1277 2454 ct

156 2483 268 2540 causa,
299 2483 369 2525 non
399 2462 546 2546 amplius
574 2482 678 2544 quam
708 2481 766 2525 sex
795 2459 966 2524 caballos³
996 2463 1032 2524 et
1061 2480 1123 2543 pro
1153 2459 1277 2523 itinere

156 2554 192 2615 et
214 2572 276 2636 pro
301 2551 472 2634 dignitate
497 2550 637 2614 debebit
661 2550 826 2634 accipere.

235 2721 329 2779 XXV.
358 2720 528 2777 FLAVIUS
548 2719 761 2776 GLORIOSUS
780 2718 1090 2775 REOOESSVINDUS
1109 2718 1197 2776 REX.

157 2833 278 2913 Quod
297 2835 447 2912 omnis,
468 2835 542 2917 qui
561 2835 829 2918 potestatem
850 2831 1016 2916 accipit
1036 2831 1275 2908 iudicandi,

316 2923 481 2987 iudicis
504 2943 656 2987 nomen
680 2925 915 2987 censeatur
939 2941 985 2985 ex
1009 2921 1115 3003 lege.

263 3028 434 3108 Quoniam
468 3029 687 3113 negotiorum
720 3029 873 3092 remedia
904 3027 1107 3090 multimode
1141 3026 1276 3090 diversi-

156 3119 238 3182 tatis
274 3119 466 3203 eonpendio
501 3119 668 3202 gaudent,
705 3117 791 3181 adeo
827 3117 908 3194 dur,
946 3117 1085 3192 comisr,
1118 3115 1275 3192 vicarius,

157 3208 249 3290 pacis
290 3206 454 3284 adsertor,
496 3207 728 3291 thiuphaduS,
769 3205 997 3282 millenarius,
1033 3204 1277 3288 quingentena-

157 3289 261 3373 riusl,
288 3297 514 3373 centenarius,
540 3296 710 3372 defensor,
735 3294 959 3372 numerarius,
980 3294 1035 3358 vel
1051 3293 1111 3376 qui
1127 3314 1167 3357 ex
1182 3293 1278 3374 regia

157 3385 306 3449 iussione
337 3387 398 3447 aut
429 3385 533 3448 etiam
562 3405 603 3448 ex
631 3403 799 3448 consensu
828 3384 980 3467 partium
1009 3383 1140 3447 iudices
1162 3382 1200 3444 in
1222 3401 1277 3444 ne·

158 3474 259 3556 gotiis
284 3473 492 3556 eligantur0,
524 3473 594 3537 sive
623 3473 866 3555 cuiuscumque
890 3471 1020 3535 ordinis
1044 3472 1182 3534 omnino
1206 3489 1277 3553 per·

158 3581 247 3638 sona,
274 3562 331 3626 cui
354 3562 470 3626 debite
492 3562 647 3625 iudicare
671 3561 881 3638 conceditur,
906 3561 957 3624 ita
972 3579 1099 3636 omncs,
1123 3559 1160 3622 in
1175 3579 1278 3640 quan-

157 3653 230 3714 tum
253 3651 432 3715 iudicandi
455 3653 664 3734 potestatem
688 3650 894 3734 acceperint,
918 3648 1042 3712 iudicis
1062 3669 1188 3712 nomen
1204 3658 1277 3710 cen·-

158 3743 271 3803 seatur
296 3759 337 3803 ex
360 3738 453 3822 lege;
484 3743 534 3815 ut,
567 3740 656 3802 sicut
686 3739 806 3802 iudicii
835 3738 1030 3821 acceperint
1053 3739 1138 3814 iura,
1168 3737 1278 3800 itaet

158 3826 272 3912 legum
297 3829 500 3905 sustineant,
526 3828 596 3892 sive
621 3827 808 3905 commoda,
834 3827 903 3891 sive
929 3827 1064 3889 damna.

262 4001 282 4049 s)
295 4001 328 4040 ita
337 4001 359 4039 Ε
366 4002 391 4050 1,·
405 4011 547 4050 quocumque
561 4000 615 4051 1223
631 4000 684 4051 quia
694 4001 751 4040 decet
759 4000 779 4038 R
787 4002 805 4042 1.
846 4001 868 4048 g)
878 3999 910 4037 tta
919 3999 971 4048 n1,·
984 3995 1089 4038 mercede
1099 3997 1150 4048 1223
1166 3997 1222 4036 domi
1232 3997 1278 4038 121.

159 4053 180 4102 h)
193 4055 359 4104 presumserint
372 4055 421 4098 131.
501 4055 518 4103 i)
536 4055 605 4104 legite
620 4055 668 4096 ΕΙ.
750 4051 774 4101 k)
792 4051 872 4092 fraude
887 4063 952 4101 quac.
965 4052 1014 4095 122.
1099 4051 1115 4099 l)
1132 4060 1219 4090 summa
1232 4050 1278 4092 ΕΙ.

159 4109 186 4156 m)
199 4109 256 4172 deest
270 4109 317 4151 131.
358 4107 383 4159 n)
396 4119 440 4156 quo
454 4107 501 4151 121.
542 4110 564 4156 ο)
578 4106 704 4156 pulsaverit
718 4107 768 4157 1215
783 4106 841 4156 plus,
857 4106 904 4148 ead.
914 4114 1104 4155 monasterorum:
1117 4103 1217 4143 valuerit
1230 4102 1278 4147 Bt.

159 4161 330 4256 ΙὴιωῃωΧὲΞῚῙῙ..
372 4215 394 4262 a)
409 4224 483 4254 comes
497 4213 546 4258 Ra.
600 4214 624 4262 b>
638 4212 845 4262 quinquagenarius
859 4213 908 4255 Ra.
963 4213 983 4260 c)
997 4211 1111 4260 eliguntur
1125 4211 1171 4253 ΕΙ.

161 4337 184 4404 1)
202 4339 242 4404 Or.
263 4339 344 4404 locem
362 4338 493 4390 novellam
513 4338 630 4390 lbeudia
646 4339 720 4403 reris
737 4353 762 4391 a.
776 4337 836 4391 546.
856 4337 892 4388 ad
910 4335 944 4391 L.
963 4337 1039 4390 Rom.
1060 4335 1087 4392 0.
1102 4335 1152 4389 Tb.
1170 4334 1189 4385 I
1190 4335 1220 4399 V,
1235 4333 1277 4388 16.

161 4409 257 4475 dolam,
278 4410 347 4462 Acta
359 4410 435 4462 acad.
449 4410 511 4464 hia.
524 4409 631 4463 Matrit.
644 4409 692 4461 XI
693 4410 743 4476 V(
747 4409 838 4474 1889),
856 4426 884 4476 p.
898 4410 951 4463 478
964 4424 1017 4475 sqq.
1090 4407 1118 4473 2)
1135 4406 1179 4458 Ito
1197 4405 1278 4456 ctiam

165 4479 283 4535 lbmdis.
345 4479 373 4547 3)
393 4480 525 4534 mauis.-
544 4480 573 4532 in
590 4478 738 4533 maioribus
756 4478 864 4548 (causis)
881 4481 999 4546 quatuor
1017 4476 1115 4532 caballi
1132 4473 1277 4529 sufficiant.
