3198 5202
335 538 389 592 aa
507 533 585 589 anx
602 533 718 591 viam.
736 495 1006 592 anconssvnvo.
1042 533 1143 604 vnn,
1162 537 1186 603 1,
1204 538 1283 590 2-4.

337 718 513 802 proprium
537 716 713 781 dominum
736 719 940 782 revertatur.
987 709 1070 780 Sins
1097 720 1214 782 autem
1242 718 1378 781 conscio
1402 718 1456 781 do

337 805 431 869 mino
453 806 490 869 id
513 805 644 882 fecerit,
669 805 742 889 ipse
766 805 925 869 dominus
946 808 1128 889 conponat,
1153 805 1243 869 sicut
1267 808 1319 870 est
1344 807 1386 870 de
1409 807 1457 868 in·

337 894 458 976 gennis
482 894 637 977 superius
662 893 900 958 constitutum.

744 1044 800 1102 111.
830 1045 1044 1115 ANTIQUAa

338 1157 464 1221 Infra
493 1159 605 1240 quod
634 1160 804 1242 tempus
835 1158 1098 1242 mancipium
1133 1158 1277 1222 latens
1312 1159 1457 1222 inven-

525 1249 615 1309 tum
645 1245 786 1310 iudici
817 1245 976 1311 debeat
1007 1246 1266 1330 presentari.

445 1351 482 1416 Si
513 1352 698 1417 cuiuslibet
727 1372 844 1417 servus
874 1353 919 1415 ad
949 1353 1098 1435 aliquem
1126 1353 1240 1416 latens
1268 1353 1456 1429 advenerit,

339 1440 457 1504 statim
487 1441 565 1506 etim
595 1443 792 1525 presentare
821 1434 953 1504 iudicib
981 1462 1051 1504 non
1079 1440 1219 1505 differat
1230 1440 1250 1502 1.
1298 1440 1400 1520 Quod
1430 1441 1458 1503 si

339 1549 417 1592 eum
447 1550 517 1593 non
546 1530 809 1613 presentaverit,
846 1533 881 1594 et
909 1549 1018 1612 usque
1053 1530 1097 1592 ad
1127 1529 1287 1593 octabam
1320 1532 1458 1593 noctem

339 1621 526 1701 aputeum
549 1621 701 1682 moratus
724 1617 832 1682 fuerit
861 1621 923 1681 aut
951 1618 981 1682 si
1003 1618 1047 1682 ad
1071 1618 1331 1702 longinquiora⁰
1358 1617 1453 1680 loca⁰

338 1707 524 1783 transierit,
557 1707 642 1770 duos
672 1706 826 1771 eiusdem
857 1707 972 1770 meriti
1000 1726 1115 1771 servos
1146 1707 1284 1770 domino
1315 1709 1459 1790 cogatur

339 1795 504 1859 exolvere.
540 1794 630 1858 Nam
651 1794 680 1858 si
700 1797 880 1878 aputeum
897 1795 1116 1879 mancipium,
1142 1795 1233 1877 quod
1249 1797 1456 1878 susceperat,

339 1883 554 1947 subcelatum
576 1882 761 1960 invenitur,
786 1882 931 1948 alterurn
958 1903 1037 1947 cum
1061 1904 1101 1948 eo
1125 1883 1207 1948 dare
1231 1882 1370 1946 domino
1389 1903 1458 1947 non

338 1975 506 2048 moretur;
545 1971 626 2054 quia
659 1972 753 2034 intra
787 1971 878 2036 diem
912 1971 1047 2055 legibus
1082 1972 1310 2035 constitutum
1345 1971 1458 2034 noluit

339 2060 535 2123 contestari.

740 2141 810 2198 nn.
841 2141 1054 2211 Armanas.
1122 2171 1125 2175 -

340 2253 384 2317 Si
413 2255 614 2318 nesciens
644 2255 739 2337 quis
770 2254 1012 2338 fugitivum
1040 2252 1289 2337 susceperit
1316 2254 1457 2316 huma·

667 2336 879 2406 nitatemb
908 2363 1125 2407 concessa.

447 2448 484 2512 Si
499 2449 575 2532 quis
590 2449 745 2518 nesciens
767 2449 956 2532 fugitivum
976 2448 1166 2532 susceperit
1189 2451 1225 2513 et
1248 2448 1280 2512 ei
1303 2448 1456 2512 humani-

338 2539 448 2601 tatem
478 2537 622 2615 dederit,
652 2540 687 2601 et
709 2558 779 2602 non
802 2537 950 2620 amplius
972 2537 1102 2601 ibidem
1124 2536 1233 2600 fuerit
1262 2557 1364 2619 quam
1389 2557 1458 2599 una

340 2626 395 2708 die
406 2625 462 2690 vel
474 2629 576 2690 noete
587 2626 787 2703 inmoratus,
806 2625 944 2689 domino
956 2625 1146 2708 requirenti
1157 2624 1346 2708 fugitivum
1358 2645 1456 2688 suum

338 2715 481 2797 prebeat
504 2717 764 2792 sacramentum,
790 2735 825 2778 se
848 2714 1006 2790 nescisse,
1031 2715 1123 2796 quod
1146 2713 1318 2796 fugeret&
1345 2716 1406 2776 aut
1429 2713 1458 2776 si

340 2805 431 2866 certe
455 2803 608 2886 potuerit
631 2803 830 2886 adprobare,
860 2802 951 2885 quod
978 2802 1167 2885 fugitivum
1189 2822 1260 2865 non
1283 2801 1455 2878 celaverit,

339 2889 383 2954 ab
413 2892 507 2954 omni
537 2891 710 2955 calumnia
739 2891 828 2955 liber
858 2891 1030 2955 abscedat.
1078 2890 1115 2953 si
1144 2910 1224 2954 vero
1254 2884 1325 2953 ibi(1
1352 2890 1457 2953 biduo

339 2982 400 3042 aut
429 2979 546 3043 triduo
576 2982 638 3044 aut
667 2980 853 3062 quatriduo
884 3000 945 3062 pro
972 2979 1174 3063 reparandis
1204 2977 1375 3042 sumtibus
1403 2977 1457 3043 vel

339 3067 583 3150 cuiuscumque
626 3069 814 3132 occasionis
857 3071 1018 3131 causame
1066 3067 1298 3150 pretendens⁰
1347 3086 1458 3130 moras

338 3150 484 3220 afferref
510 3156 672 3234 voluerit,
702 3159 890 3221 conventus
914 3177 935 3219 a
958 3155 1106 3233 domino,
1135 3155 1197 3218 ubi
1225 3157 1345 3239 postea
1367 3175 1458 3217 man-

339 3244 421 3308 serit
443 3244 500 3308 vel
523 3265 544 3307 a
566 3265 634 3327 quo
653 3245 906 3309 humanitatem
922 3244 1090 3328 fugitivus
1108 3243 1288 3327 acceperit,
1315 3246 1458 3326 cogatur

338 3334 534 3409 ostendere;
567 3336 603 3396 et
632 3333 725 3396 infra
752 3354 811 3396 sex
840 3353 973 3397 menses
997 3334 1059 3395 aut
1082 3331 1236 3396 inveniat
1259 3331 1456 3415 fugitivum,

338 3424 400 3483 aut
423 3441 490 3497 eos,
514 3424 600 3505 aput
623 3441 708 3504 quos
728 3424 848 3505 postea
863 3417 980 3498 fuerit,
1004 3420 1175 3484 ostendat.
1213 3418 1314 3498 Quod
1337 3420 1457 3483 sinon

338 3510 492 3592 potuerit
514 3510 677 3588 invenire,
702 3509 945 3574 conscientiam
970 3529 1067 3572 suam
1091 3528 1132 3573 ex
1155 3509 1221 3572 hoc
1244 3510 1457 3572 sacramento

337 3618 484 3681 purgare
508 3597 659 3662 debebit.
696 3598 742 3660 Et
765 3601 851 3682 aput
874 3618 975 3681 quem
997 3597 1181 3661 novissime
1196 3596 1302 3674 venit,
1327 3598 1457 3659 autre·

338 3689 513 3769 presentet
552 3686 612 3768 qui
645 3686 739 3770 fugit
774 3689 835 3749 aut
869 3686 961 3770 paris
996 3685 1112 3750 meriti
1148 3705 1284 3750 servum
1319 3684 1457 3748 domino

337 3774 471 3837 reddat.
529 3771 575 3837 nt
610 3773 639 3838 si
673 3794 790 3839 servus
830 3777 949 3858 postea
988 3774 1095 3838 fuerit
1130 3773 1322 3851 inventus,¹
1347 3772 1455 3848 illum,

338 3881 440 3943 quem
462 3882 525 3945 pro
549 3862 669 3926 eodem
693 3863 845 3940 dederat,
874 3862 1019 3946 recipiat
1043 3865 1078 3927 et
1102 3861 1144 3926 ab
1169 3861 1263 3926 omni
1286 3861 1458 3925 calumnia

339 3968 477 4013 securus
501 3950 674 4015 abscedat.

444 4121 502 4218 pum
516 4123 620 4224 &dam
633 4177 654 4216 Β
662 4176 682 4218 Β.
735 4176 759 4226 b)
773 4177 797 4214 in
811 4173 896 4215 iudicio
909 4176 930 4214 Β
940 4176 959 4217 2.
1013 4177 1033 4224 c)
1047 4175 1229 4224 longinquiorem
1243 4173 1343 4215 locorum
1356 4174 1377 4212 Β
1385 4175 1404 4216 1.

445 4230 499 4272 IIIL
539 4230 561 4277 a)
575 4229 631 4268 decet
645 4230 665 4269 B
675 4230 694 4271 Β.
754 4229 778 4278 b)
792 4229 935 4269 humanitate
948 4229 997 4272 122.
1058 4230 1079 4277 e)
1093 4228 1178 4277 fugiret
1190 4228 1211 4266 Β
1220 4228 1240 4270 2.
1305 4224 1329 4275 d)
1343 4227 1399 4266 aaut
1413 4226 1458 4268 121.

338 4283 360 4330 e)
374 4291 458 4321 causa
472 4282 636 4332 preteriens
650 4283 671 4322 Β
681 4283 700 4325 2.
714 4281 740 4324 Ε.
793 4282 979 4330 neutonam.

339 4422 365 4489 1)
383 4387 425 4487 cf.
444 4423 476 4477 n.
495 4424 582 4490 aaa.
605 4425 649 4489 aa,
671 4426 695 4478 1.
713 4426 747 4486 a·
774 4424 808 4479 n.
827 4424 903 4478 nom.
922 4424 1009 4489 Bury.
1029 4424 1055 4489 a,
1075 4425 1099 4479 1.
1119 4424 1154 4485 2,-
1181 4421 1233 4476 nc.
1256 4421 1381 4476 aare.
1407 4421 1458 4480 ao,-

337 4495 492 4558 infracti.
511 4496 537 4549 8.
556 4501 580 4546 et
598 4495 663 4549 coll.
683 4496 755 4546 iuris
773 4495 848 4548 Rom.
867 4495 950 4560 Viciy.
971 4495 1059 4547 Gaud.
1078 4510 1098 4548 e.
1112 4494 1156 4560 19,
1175 4493 1256 4556 infra
1271 4509 1300 4576 p.
1318 4494 1380 4546 320.

1574 4455 1578 4530 i
