<?xml version="1.0" encoding="UTF-8"?>
<!DOCTYPE html PUBLIC "-//W3C//DTD XHTML 1.0 Transitional//EN"
    "http://www.w3.org/TR/xhtml1/DTD/xhtml1-transitional.dtd">
<html xmlns="http://www.w3.org/1999/xhtml" xml:lang="en" lang="en">
 <head>
  <title>
</title>
<meta http-equiv="Content-Type" content="text/html;charset=utf-8" />
  <meta name='ocr-system' content='tesseract 3.04.00' />
  <meta name='ocr-capabilities' content='ocr_page ocr_carea ocr_par ocr_line ocrx_word'/>
</head>
<body>
  <div class='ocr_page' id='page_1' title='image "./legesvisigothor00gaudgoog_0179.png"; bbox 0 0 3264 5206; ppageno 0'>
   <div class='ocr_carea' id='block_1_1' title="bbox 361 557 1272 629">
    <p class='ocr_par' dir='ltr' id='par_1_1' title="bbox 361 557 1272 629">
     <span class='ocr_line' id='line_1_1' title="bbox 361 557 1272 629; baseline 0.004 -15"><span class='ocrx_word' id='word_1_1' title='bbox 361 557 440 614; x_wconf 80' lang='lat' dir='ltr'>LEX</span> <span class='ocrx_word' id='word_1_2' title='bbox 456 557 573 616; x_wconf 83' lang='lat' dir='ltr'>VISIG.</span> <span class='ocrx_word' id='word_1_3' title='bbox 591 557 860 616; x_wconf 63' lang='lat' dir='ltr'>Recensum).</span> <span class='ocrx_word' id='word_1_4' title='bbox 897 560 933 629; x_wconf 87' lang='lat' dir='ltr'>V,</span> <span class='ocrx_word' id='word_1_5' title='bbox 951 565 977 629; x_wconf 77' lang='lat'>2,</span> <span class='ocrx_word' id='word_1_6' title='bbox 995 561 1021 618; x_wconf 81' lang='lat'>5.</span> <span class='ocrx_word' id='word_1_7' title='bbox 1035 564 1060 617; x_wconf 88' lang='grc'>6.</span> <span class='ocrx_word' id='word_1_8' title='bbox 1221 563 1272 618; x_wconf 86' lang='grc'>147</span> 
     </span>
    </p>
   </div>
   <div class='ocr_carea' id='block_1_2' title="bbox 153 741 1274 1181">
    <p class='ocr_par' dir='ltr' id='par_1_2' title="bbox 153 741 1274 1181">
     <span class='ocr_line' id='line_1_2' title="bbox 154 741 1274 827; baseline 0.001 -20"><span class='ocrx_word' id='word_1_9' title='bbox 154 745 233 807; x_wconf 89' lang='lat' dir='ltr'>dem</span> <span class='ocrx_word' id='word_1_10' title='bbox 261 742 401 807; x_wconf 89' lang='lat' dir='ltr'>donatio</span> <span class='ocrx_word' id='word_1_11' title='bbox 429 741 629 827; x_wconf 81' lang='lat' dir='ltr'>pertinebit.</span> <span class='ocrx_word' id='word_1_12' title='bbox 676 742 713 806; x_wconf 84' lang='lat' dir='ltr'>Si</span> <span class='ocrx_word' id='word_1_13' title='bbox 741 745 858 807; x_wconf 89' lang='lat' dir='ltr'>autem</span> <span class='ocrx_word' id='word_1_14' title='bbox 888 763 949 827; x_wconf 90' lang='lat' dir='ltr'>per</span> <span class='ocrx_word' id='word_1_15' title='bbox 972 743 1183 807; x_wconf 74' lang='lat' dir='ltr'>adulterium</span> <span class='ocrx_word' id='word_1_16' title='bbox 1212 763 1274 808; x_wconf 91' lang='lat' dir='ltr'>seu</span> 
     </span>
     <span class='ocr_line' id='line_1_3' title="bbox 153 831 1271 916; baseline -0.001 -20"><span class='ocrx_word' id='word_1_17' title='bbox 153 853 215 916; x_wconf 88' lang='lat' dir='ltr'>per</span> <span class='ocrx_word' id='word_1_18' title='bbox 236 831 456 896; x_wconf 74' lang='lat' dir='ltr'><strong>inhonestam</strong></span> <span class='ocrx_word' id='word_1_19' title='bbox 479 831 758 896; x_wconf 86' lang='lat' dir='ltr'>coniunctionem</span> <span class='ocrx_word' id='word_1_20' title='bbox 781 851 816 895; x_wconf 91' lang='lat' dir='ltr'>se</span> <span class='ocrx_word' id='word_1_21' title='bbox 839 831 1015 896; x_wconf 75' lang='lat' dir='ltr'>miscuisse</span> <span class='ocrx_word' id='word_1_22' title='bbox 1045 831 1271 909; x_wconf 86' lang='lat' dir='ltr'>convincitur,</span> 
     </span>
     <span class='ocr_line' id='line_1_4' title="bbox 154 914 1274 1004; baseline 0.001 -21"><span class='ocrx_word' id='word_1_23' title='bbox 154 919 321 1004; x_wconf 88' lang='lat' dir='ltr'>quidquid</span> <span class='ocrx_word' id='word_1_24' title='bbox 337 919 381 985; x_wconf 93' lang='lat' dir='ltr'>de</span> <span class='ocrx_word' id='word_1_25' title='bbox 395 920 566 985; x_wconf 73' lang='lat' dir='ltr'>facultate</span> <span class='ocrx_word' id='word_1_26' title='bbox 581 920 698 985; x_wconf 87' lang='lat' dir='ltr'>mariti</span> <span class='ocrx_word' id='word_1_27' title='bbox 715 919 770 984; x_wconf 89' lang='lat' dir='ltr'>sui</span> <span class='ocrx_word' id='word_1_28' title='bbox 784 914 923 984; x_wconf 73' lang='lat' dir='ltr'>iuerat‘¹</span> <span class='ocrx_word' id='word_1_29' title='bbox 941 922 1135 998; x_wconf 89' lang='lat' dir='ltr'>consecuta,</span> <span class='ocrx_word' id='word_1_30' title='bbox 1158 923 1274 985; x_wconf 90' lang='lat' dir='ltr'>totum</span> 
     </span>
     <span class='ocr_line' id='line_1_5' title="bbox 153 1008 1273 1086; baseline 0.001 -14"><span class='ocrx_word' id='word_1_31' title='bbox 153 1009 396 1073; x_wconf 79' lang='lat' dir='ltr'>incunctanter</span> <span class='ocrx_word' id='word_1_32' title='bbox 429 1009 583 1086; x_wconf 85' lang='lat' dir='ltr'>amittat,</span> <span class='ocrx_word' id='word_1_33' title='bbox 619 1012 655 1074; x_wconf 91' lang='lat' dir='ltr'>et</span> <span class='ocrx_word' id='word_1_34' title='bbox 689 1009 734 1074; x_wconf 90' lang='lat' dir='ltr'>ad</span> <span class='ocrx_word' id='word_1_35' title='bbox 765 1008 909 1074; x_wconf 88' lang='lat' dir='ltr'>heredes</span> <span class='ocrx_word' id='word_1_36' title='bbox 938 1009 1114 1074; x_wconf 84' lang='lat' dir='ltr'>donatoris</span> <span class='ocrx_word' id='word_1_37' title='bbox 1143 1008 1199 1074; x_wconf 83' lang='lat' dir='ltr'>vel</span> <span class='ocrx_word' id='word_1_38' title='bbox 1229 1010 1273 1073; x_wconf 90' lang='lat' dir='ltr'>ad</span> 
     </span>
     <span class='ocr_line' id='line_1_6' title="bbox 154 1097 665 1181; baseline -0.002 -21"><span class='ocrx_word' id='word_1_39' title='bbox 154 1097 243 1162; x_wconf 87' lang='lat' dir='ltr'>filios</span> <span class='ocrx_word' id='word_1_40' title='bbox 266 1097 439 1181; x_wconf 83' lang='lat' dir='ltr'>legitimos</span> <span class='ocrx_word' id='word_1_41' title='bbox 461 1100 665 1162; x_wconf 85' lang='lat' dir='ltr'>revertatur.</span> 
     </span>
    </p>
   </div>
   <div class='ocr_carea' id='block_1_3' title="bbox 153 1247 1273 1482">
    <p class='ocr_par' dir='ltr' id='par_1_3' title="bbox 153 1247 1273 1482">
     <span class='ocr_line' id='line_1_7' title="bbox 366 1247 1061 1342; baseline 0.003 -2"><span class='ocrx_word' id='word_1_42' title='bbox 366 1285 419 1342; x_wconf 83' lang='lat' dir='ltr'>vr.</span> <span class='ocrx_word' id='word_1_43' title='bbox 451 1284 621 1342; x_wconf 81' lang='lat' dir='ltr'>rmvrus</span> <span class='ocrx_word' id='word_1_44' title='bbox 640 1247 954 1340; x_wconf 71' lang='lat' dir='ltr'>cnnmmvmnus</span> <span class='ocrx_word' id='word_1_45' title='bbox 972 1283 1061 1342; x_wconf 80' lang='lat' dir='ltr'>unx.</span> 
     </span>
     <span class='ocr_line' id='line_1_8' title="bbox 153 1397 1273 1482; baseline -0.001 -21"><span class='ocrx_word' id='word_1_46' title='bbox 153 1397 213 1462; x_wconf 92' lang='lat' dir='ltr'>De</span> <span class='ocrx_word' id='word_1_47' title='bbox 236 1397 367 1462; x_wconf 85' lang='lat' dir='ltr'>rebus</span> <span class='ocrx_word' id='word_1_48' title='bbox 389 1397 575 1462; x_wconf 88' lang='lat' dir='ltr'>traditis</span> <span class='ocrx_word' id='word_1_49' title='bbox 597 1397 666 1463; x_wconf 85' lang='lat' dir='ltr'>vel</span> <span class='ocrx_word' id='word_1_50' title='bbox 694 1417 769 1482; x_wconf 88' lang='lat' dir='ltr'>per</span> <span class='ocrx_word' id='word_1_51' title='bbox 791 1398 1058 1482; x_wconf 86' lang='lat' dir='ltr'>scripturam</span> <span class='ocrx_word' id='word_1_52' title='bbox 1085 1397 1273 1462; x_wconf 86' lang='lat' dir='ltr'>donatis.</span> 
     </span>
    </p>
   </div>
   <div class='ocr_carea' id='block_1_4' title="bbox 22 1519 1450 3732">
    <p class='ocr_par' dir='ltr' id='par_1_4' title="bbox 22 1519 1450 3732">
     <span class='ocr_line' id='line_1_9' title="bbox 260 1519 1450 1615; baseline 0 -29"><span class='ocrx_word' id='word_1_53' title='bbox 260 1521 328 1586; x_wconf 85' lang='lat' dir='ltr'>Res</span> <span class='ocrx_word' id='word_1_54' title='bbox 352 1522 509 1599; x_wconf 89' lang='lat' dir='ltr'>donatae,</span> <span class='ocrx_word' id='word_1_55' title='bbox 534 1521 623 1585; x_wconf 93' lang='lat' dir='ltr'>siin</span> <span class='ocrx_word' id='word_1_56' title='bbox 646 1522 840 1606; x_wconf 71' lang='lat' dir='ltr'>presentia⁸</span> <span class='ocrx_word' id='word_1_57' title='bbox 864 1522 1007 1587; x_wconf 84' lang='lat' dir='ltr'>testium</span> <span class='ocrx_word' id='word_1_58' title='bbox 1029 1522 1158 1586; x_wconf 87' lang='lat' dir='ltr'>tradite</span> <span class='ocrx_word' id='word_1_59' title='bbox 1182 1519 1450 1615; x_wconf 50' lang='lat' dir='ltr'>snntfisssgffgffl&#39;v</span> 
     </span>
     <span class='ocr_line' id='line_1_10' title="bbox 153 1609 1274 1695; baseline 0 -21"><span class='ocrx_word' id='word_1_60' title='bbox 153 1609 252 1674; x_wconf 90' lang='lat' dir='ltr'>nullo</span> <span class='ocrx_word' id='word_1_61' title='bbox 275 1610 378 1674; x_wconf 89' lang='lat' dir='ltr'>modo</span> <span class='ocrx_word' id='word_1_62' title='bbox 402 1612 607 1695; x_wconf 79' lang='lat' dir='ltr'>repetantur</span> <span class='ocrx_word' id='word_1_63' title='bbox 629 1631 650 1674; x_wconf 92' lang='lat' dir='ltr'>a</span> <span class='ocrx_word' id='word_1_64' title='bbox 673 1610 849 1675; x_wconf 88' lang='lat' dir='ltr'>donatore.</span> <span class='ocrx_word' id='word_1_65' title='bbox 897 1609 998 1690; x_wconf 85' lang='lat' dir='ltr'>Quod</span> <span class='ocrx_word' id='word_1_66' title='bbox 1021 1612 1050 1674; x_wconf 91' lang='lat' dir='ltr'>si</span> <span class='ocrx_word' id='word_1_67' title='bbox 1074 1611 1179 1676; x_wconf 90' lang='lat' dir='ltr'>etiam</span> <span class='ocrx_word' id='word_1_68' title='bbox 1201 1631 1274 1695; x_wconf 87' lang='lat' dir='ltr'>pro·</span> 
     </span>
     <span class='ocr_line' id='line_1_11' title="bbox 22 1691 1269 1790; baseline -0.002 -26"><span class='ocrx_word' id='word_1_69' title='bbox 22 1743 24 1790; x_wconf 35' lang='grc' dir='ltr'>ξ</span> <span class='ocrx_word' id='word_1_70' title='bbox 153 1698 297 1775; x_wconf 87' lang='lat' dir='ltr'>venerit,</span> <span class='ocrx_word' id='word_1_71' title='bbox 322 1691 387 1762; x_wconf 82' lang='lat' dir='ltr'>utb</span> <span class='ocrx_word' id='word_1_72' title='bbox 407 1700 500 1783; x_wconf 91' lang='lat' dir='ltr'>quod</span> <span class='ocrx_word' id='word_1_73' title='bbox 517 1700 687 1763; x_wconf 76' lang='lat' dir='ltr'>donature</span> <span class='ocrx_word' id='word_1_74' title='bbox 708 1698 811 1783; x_wconf 87' lang='lat' dir='ltr'>longe</span> <span class='ocrx_word' id='word_1_75' title='bbox 834 1699 880 1764; x_wconf 91' lang='lat' dir='ltr'>sit</span> <span class='ocrx_word' id='word_1_76' title='bbox 903 1698 1083 1784; x_wconf 85' lang='lat' dir='ltr'>positum¹‚</span> <span class='ocrx_word' id='word_1_77' title='bbox 1109 1693 1192 1782; x_wconf 79' lang='lat' dir='ltr'>pro‘l</span> <span class='ocrx_word' id='word_1_78' title='bbox 1213 1698 1269 1762; x_wconf 60' lang='lat' dir='ltr'>ide</span> 
     </span>
     <span class='ocr_line' id='line_1_12' title="bbox 22 1786 1275 1872; baseline 0.001 -21"><span class='ocrx_word' id='word_1_79' title='bbox 22 1793 24 1824; x_wconf 51' lang='lat' dir='ltr'>i</span> <span class='ocrx_word' id='word_1_80' title='bbox 155 1786 297 1851; x_wconf 88' lang='lat' dir='ltr'>donatio</span> <span class='ocrx_word' id='word_1_81' title='bbox 321 1787 480 1852; x_wconf 85' lang='lat' dir='ltr'>evacuari</span> <span class='ocrx_word' id='word_1_82' title='bbox 502 1808 572 1851; x_wconf 90' lang='lat' dir='ltr'>non</span> <span class='ocrx_word' id='word_1_83' title='bbox 594 1787 733 1872; x_wconf 90' lang='lat' dir='ltr'>poterit,</span> <span class='ocrx_word' id='word_1_84' title='bbox 757 1788 839 1870; x_wconf 91' lang='lat' dir='ltr'>quia</span> <span class='ocrx_word' id='word_1_85' title='bbox 853 1791 938 1853; x_wconf 88' lang='lat' dir='ltr'>tunc</span> <span class='ocrx_word' id='word_1_86' title='bbox 953 1789 1092 1852; x_wconf 83' lang='lat' dir='ltr'>videtur</span> <span class='ocrx_word' id='word_1_87' title='bbox 1106 1808 1186 1852; x_wconf 85' lang='lat' dir='ltr'>vera</span> <span class='ocrx_word' id='word_1_88' title='bbox 1202 1807 1275 1853; x_wconf 89' lang='lat' dir='ltr'>esse</span> 
     </span>
     <span class='ocr_line' id='line_1_13' title="bbox 153 1869 1275 1960; baseline 0.001 -21"><span class='ocrx_word' id='word_1_89' title='bbox 153 1876 312 1954; x_wconf 88' lang='lat' dir='ltr'>traditio,</span> <span class='ocrx_word' id='word_1_90' title='bbox 348 1876 487 1959; x_wconf 88' lang='lat' dir='ltr'>quando</span> <span class='ocrx_word' id='word_1_91' title='bbox 520 1877 590 1940; x_wconf 93' lang='lat' dir='ltr'>iam</span> <span class='ocrx_word' id='word_1_92' title='bbox 624 1879 709 1960; x_wconf 88' lang='lat' dir='ltr'>aput</span> <span class='ocrx_word' id='word_1_93' title='bbox 738 1869 860 1940; x_wconf 81' lang='lat' dir='ltr'>illum‘l</span> <span class='ocrx_word' id='word_1_94' title='bbox 893 1876 1065 1960; x_wconf 86' lang='lat' dir='ltr'>scriptura</span> <span class='ocrx_word' id='word_1_95' title='bbox 1099 1877 1275 1941; x_wconf 88' lang='lat' dir='ltr'>donatoris</span> 
     </span>
     <span class='ocr_line' id='line_1_14' title="bbox 154 1963 1275 2048; baseline 0.001 -20"><span class='ocrx_word' id='word_1_96' title='bbox 154 1963 313 2043; x_wconf 88' lang='lat' dir='ltr'>habetur,</span> <span class='ocrx_word' id='word_1_97' title='bbox 348 1964 385 2028; x_wconf 94' lang='lat' dir='ltr'>in</span> <span class='ocrx_word' id='word_1_98' title='bbox 416 1965 514 2030; x_wconf 89' lang='lat' dir='ltr'>cuius</span> <span class='ocrx_word' id='word_1_99' title='bbox 546 1965 685 2030; x_wconf 89' lang='lat' dir='ltr'>nomine</span> <span class='ocrx_word' id='word_1_100' title='bbox 715 1965 911 2048; x_wconf 85' lang='lat' dir='ltr'>conscripta</span> <span class='ocrx_word' id='word_1_101' title='bbox 945 1964 1145 2031; x_wconf 84' lang='lat' dir='ltr'>dinoscitur.</span> <span class='ocrx_word' id='word_1_102' title='bbox 1197 1963 1275 2030; x_wconf 90' lang='lat' dir='ltr'>Hoc</span> 
     </span>
     <span class='ocr_line' id='line_1_15' title="bbox 154 2053 1276 2131; baseline 0 -13"><span class='ocrx_word' id='word_1_103' title='bbox 154 2055 295 2118; x_wconf 88' lang='lat' dir='ltr'>tantum</span> <span class='ocrx_word' id='word_1_104' title='bbox 317 2053 569 2119; x_wconf 78' lang='lat' dir='ltr'>observandum</span> <span class='ocrx_word' id='word_1_105' title='bbox 592 2056 654 2131; x_wconf 85' lang='lat' dir='ltr'>est,</span> <span class='ocrx_word' id='word_1_106' title='bbox 683 2057 723 2117; x_wconf 90' lang='lat' dir='ltr'>ut</span> <span class='ocrx_word' id='word_1_107' title='bbox 746 2053 775 2117; x_wconf 91' lang='lat' dir='ltr'>si</span> <span class='ocrx_word' id='word_1_108' title='bbox 799 2053 945 2118; x_wconf 85' lang='lat' dir='ltr'>donator</span> <span class='ocrx_word' id='word_1_109' title='bbox 969 2053 1103 2131; x_wconf 85' lang='lat' dir='ltr'>dixerit,</span> <span class='ocrx_word' id='word_1_110' title='bbox 1133 2074 1197 2119; x_wconf 90' lang='lat' dir='ltr'>neo</span> <span class='ocrx_word' id='word_1_111' title='bbox 1222 2054 1276 2118; x_wconf 88' lang='lat' dir='ltr'>de·</span> 
     </span>
     <span class='ocr_line' id='line_1_16' title="bbox 156 2135 1274 2227; baseline 0.001 -21"><span class='ocrx_word' id='word_1_112' title='bbox 156 2142 245 2206; x_wconf 90' lang='lat' dir='ltr'>disse</span> <span class='ocrx_word' id='word_1_113' title='bbox 268 2161 333 2207; x_wconf 90' lang='lat' dir='ltr'>nec</span> <span class='ocrx_word' id='word_1_114' title='bbox 356 2141 519 2208; x_wconf 85' lang='lat' dir='ltr'>direxisse</span> <span class='ocrx_word' id='word_1_115' title='bbox 534 2142 753 2227; x_wconf 88' lang='lat' dir='ltr'>iscripturam</span> <span class='ocrx_word' id='word_1_116' title='bbox 762 2135 788 2219; x_wconf 68' lang='lat' dir='ltr'>f,</span> <span class='ocrx_word' id='word_1_117' title='bbox 812 2142 873 2207; x_wconf 88' lang='lat' dir='ltr'>sed</span> <span class='ocrx_word' id='word_1_118' title='bbox 887 2141 1062 2207; x_wconf 86' lang='lat' dir='ltr'>sublatam</span> <span class='ocrx_word' id='word_1_119' title='bbox 1077 2141 1143 2206; x_wconf 91' lang='lat' dir='ltr'>sibi</span> <span class='ocrx_word' id='word_1_120' title='bbox 1157 2142 1274 2219; x_wconf 80' lang='lat' dir='ltr'>fuisse,</span> 
     </span>
     <span class='ocr_line' id='line_1_17' title="bbox 22 2219 1275 2315; baseline 0 -21"><span class='ocrx_word' id='word_1_121' title='bbox 22 2219 23 2286; x_wconf 52' lang='grc' dir='ltr'><em>Ὗ</em></span> <span class='ocrx_word' id='word_1_122' title='bbox 155 2233 240 2295; x_wconf 88' lang='lat' dir='ltr'>tunc</span> <span class='ocrx_word' id='word_1_123' title='bbox 263 2229 333 2309; x_wconf 87' lang='lat' dir='ltr'>ille,</span> <span class='ocrx_word' id='word_1_124' title='bbox 358 2231 415 2295; x_wconf 88' lang='lat' dir='ltr'>cui</span> <span class='ocrx_word' id='word_1_125' title='bbox 437 2251 491 2296; x_wconf 89' lang='lat' dir='ltr'>res</span> <span class='ocrx_word' id='word_1_126' title='bbox 515 2232 643 2297; x_wconf 87' lang='lat' dir='ltr'>donate</span> <span class='ocrx_word' id='word_1_127' title='bbox 665 2233 756 2308; x_wconf 85' lang='lat' dir='ltr'>sunt,</span> <span class='ocrx_word' id='word_1_128' title='bbox 787 2250 849 2315; x_wconf 90' lang='lat' dir='ltr'>per</span> <span class='ocrx_word' id='word_1_129' title='bbox 876 2233 1003 2296; x_wconf 87' lang='lat' dir='ltr'>testem</span> <span class='ocrx_word' id='word_1_130' title='bbox 1026 2231 1209 2296; x_wconf 86' lang='lat' dir='ltr'>convincat</span> <span class='ocrx_word' id='word_1_131' title='bbox 1232 2231 1275 2295; x_wconf 92' lang='lat' dir='ltr'>ab</span> 
     </span>
     <span class='ocr_line' id='line_1_18' title="bbox 22 2318 1277 2402; baseline 0.002 -20"><span class='ocrx_word' id='word_1_132' title='bbox 22 2389 23 2396; x_wconf 9' lang='grc' dir='ltr'>χ</span> <span class='ocrx_word' id='word_1_133' title='bbox 156 2318 230 2402; x_wconf 90' lang='lat' dir='ltr'>ipso</span> <span class='ocrx_word' id='word_1_134' title='bbox 261 2319 428 2384; x_wconf 89' lang='lat' dir='ltr'>donatore</span> <span class='ocrx_word' id='word_1_135' title='bbox 457 2319 603 2384; x_wconf 86' lang='lat' dir='ltr'>eandem</span> <span class='ocrx_word' id='word_1_136' title='bbox 633 2323 694 2383; x_wconf 90' lang='lat' dir='ltr'>aut</span> <span class='ocrx_word' id='word_1_137' title='bbox 723 2319 889 2384; x_wconf 86' lang='lat' dir='ltr'>traditam</span> <span class='ocrx_word' id='word_1_138' title='bbox 920 2319 988 2385; x_wconf 91' lang='lat' dir='ltr'>sibi</span> <span class='ocrx_word' id='word_1_139' title='bbox 1017 2322 1079 2384; x_wconf 91' lang='lat' dir='ltr'>aut</span> <span class='ocrx_word' id='word_1_140' title='bbox 1110 2320 1277 2386; x_wconf 85' lang='lat' dir='ltr'>directam</span> 
     </span>
     <span class='ocr_line' id='line_1_19' title="bbox 156 2407 1277 2492; baseline -0.002 -18.214"><span class='ocrx_word' id='word_1_141' title='bbox 156 2407 238 2472; x_wconf 60' lang='lat' dir='ltr'>vele</span> <span class='ocrx_word' id='word_1_142' title='bbox 271 2427 312 2472; x_wconf 87' lang='lat' dir='ltr'>ex</span> <span class='ocrx_word' id='word_1_143' title='bbox 341 2407 415 2472; x_wconf 90' lang='lat' dir='ltr'>eius</span> <span class='ocrx_word' id='word_1_144' title='bbox 444 2407 626 2473; x_wconf 85' lang='lat' dir='ltr'>voluntate</span> <span class='ocrx_word' id='word_1_145' title='bbox 659 2408 697 2471; x_wconf 92' lang='lat' dir='ltr'>in</span> <span class='ocrx_word' id='word_1_146' title='bbox 726 2410 900 2492; x_wconf 86' lang='lat' dir='ltr'>potestate</span> <span class='ocrx_word' id='word_1_147' title='bbox 934 2427 997 2472; x_wconf 89' lang='lat' dir='ltr'>sua</span> <span class='ocrx_word' id='word_1_148' title='bbox 1025 2409 1205 2486; x_wconf 62' lang='lat' dir='ltr'>redactass,</span> <span class='ocrx_word' id='word_1_149' title='bbox 1241 2412 1277 2473; x_wconf 87' lang='lat' dir='ltr'>et</span> 
     </span>
     <span class='ocr_line' id='line_1_20' title="bbox 22 2494 1276 2581; baseline 0.003 -23"><span class='ocrx_word' id='word_1_150' title='bbox 22 2533 24 2580; x_wconf 58' lang='lat'><em>3</em></span> <span class='ocrx_word' id='word_1_151' title='bbox 158 2497 241 2559; x_wconf 91' lang='lat' dir='ltr'>dum</span> <span class='ocrx_word' id='word_1_152' title='bbox 263 2495 471 2579; x_wconf 88' lang='lat' dir='ltr'>probaberit,</span> <span class='ocrx_word' id='word_1_153' title='bbox 495 2495 631 2561; x_wconf 88' lang='lat' dir='ltr'>stabilis</span> <span class='ocrx_word' id='word_1_154' title='bbox 654 2496 835 2562; x_wconf 87' lang='lat' dir='ltr'>habeatur.</span> <span class='ocrx_word' id='word_1_155' title='bbox 877 2494 979 2575; x_wconf 78' lang='lat' dir='ltr'>Quod</span> <span class='ocrx_word' id='word_1_156' title='bbox 1001 2497 1030 2561; x_wconf 91' lang='lat' dir='ltr'>si</span> <span class='ocrx_word' id='word_1_157' title='bbox 1053 2497 1198 2581; x_wconf 89' lang='lat' dir='ltr'>probare</span> <span class='ocrx_word' id='word_1_158' title='bbox 1221 2518 1276 2562; x_wconf 91' lang='lat' dir='ltr'>ne·</span> 
     </span>
     <span class='ocr_line' id='line_1_21' title="bbox 22 2583 1276 2668; baseline 0.006 -26"><span class='ocrx_word' id='word_1_159' title='bbox 22 2609 26 2642; x_wconf 53' lang='lat' dir='ltr'>i</span> <span class='ocrx_word' id='word_1_160' title='bbox 123 2639 130 2652; x_wconf 85' lang='lat'>,</span> <span class='ocrx_word' id='word_1_161' title='bbox 158 2583 309 2662; x_wconf 87' lang='lat' dir='ltr'>clexerit,</span> <span class='ocrx_word' id='word_1_162' title='bbox 339 2584 493 2648; x_wconf 84' lang='lat' dir='ltr'>invalida</span> <span class='ocrx_word' id='word_1_163' title='bbox 521 2584 724 2663; x_wconf 87' lang='lat' dir='ltr'>remanebit,</span> <span class='ocrx_word' id='word_1_164' title='bbox 756 2586 785 2650; x_wconf 91' lang='lat' dir='ltr'>si</span> <span class='ocrx_word' id='word_1_165' title='bbox 814 2589 932 2651; x_wconf 90' lang='lat' dir='ltr'>tamen</span> <span class='ocrx_word' id='word_1_166' title='bbox 962 2586 1022 2668; x_wconf 91' lang='lat' dir='ltr'>qui</span> <span class='ocrx_word' id='word_1_167' title='bbox 1052 2586 1196 2651; x_wconf 88' lang='lat' dir='ltr'>donabit</span> <span class='ocrx_word' id='word_1_168' title='bbox 1222 2607 1276 2650; x_wconf 87' lang='lat' dir='ltr'>vo·</span> 
     </span>
     <span class='ocr_line' id='line_1_22' title="bbox 157 2672 1277 2764; baseline 0.004 -30"><span class='ocrx_word' id='word_1_169' title='bbox 157 2672 270 2737; x_wconf 89' lang='lat' dir='ltr'>luerit.</span> <span class='ocrx_word' id='word_1_170' title='bbox 304 2672 407 2764; x_wconf 79' lang='lat' dir='ltr'>¹Illut</span> <span class='ocrx_word' id='word_1_171' title='bbox 428 2693 511 2738; x_wconf 89' lang='lat' dir='ltr'>sane</span> <span class='ocrx_word' id='word_1_172' title='bbox 526 2674 609 2738; x_wconf 89' lang='lat' dir='ltr'>addi</span> <span class='ocrx_word' id='word_1_173' title='bbox 623 2673 765 2758; x_wconf 84' lang='lat' dir='ltr'>placuit,</span> <span class='ocrx_word' id='word_1_174' title='bbox 790 2677 831 2737; x_wconf 86' lang='lat' dir='ltr'>ut</span> <span class='ocrx_word' id='word_1_175' title='bbox 853 2675 883 2738; x_wconf 92' lang='lat' dir='ltr'>si</span> <span class='ocrx_word' id='word_1_176' title='bbox 905 2674 1048 2757; x_wconf 88' lang='lat' dir='ltr'>quisque</span> <span class='ocrx_word' id='word_1_177' title='bbox 1071 2675 1277 2759; x_wconf 86' lang='lat' dir='ltr'>scripturam</span> 
     </span>
     <span class='ocr_line' id='line_1_23' title="bbox 158 2760 1276 2847; baseline 0.003 -24"><span class='ocrx_word' id='word_1_178' title='bbox 158 2761 200 2826; x_wconf 91' lang='lat' dir='ltr'>de</span> <span class='ocrx_word' id='word_1_179' title='bbox 230 2761 300 2825; x_wconf 91' lang='lat' dir='ltr'>suis</span> <span class='ocrx_word' id='word_1_180' title='bbox 329 2760 432 2826; x_wconf 89' lang='lat' dir='ltr'>rebus</span> <span class='ocrx_word' id='word_1_181' title='bbox 461 2762 499 2825; x_wconf 92' lang='lat' dir='ltr'>in</span> <span class='ocrx_word' id='word_1_182' title='bbox 527 2762 740 2845; x_wconf 87' lang='lat' dir='ltr'>quibuslibet</span> <span class='ocrx_word' id='word_1_183' title='bbox 770 2763 923 2847; x_wconf 90' lang='lat' dir='ltr'>personis</span> <span class='ocrx_word' id='word_1_184' title='bbox 953 2763 1110 2840; x_wconf 87' lang='lat' dir='ltr'>ediderit,</span> <span class='ocrx_word' id='word_1_185' title='bbox 1142 2763 1171 2827; x_wconf 90' lang='lat' dir='ltr'>si</span> <span class='ocrx_word' id='word_1_186' title='bbox 1201 2784 1276 2828; x_wconf 91' lang='lat' dir='ltr'>eam</span> 
     </span>
     <span class='ocr_line' id='line_1_24' title="bbox 156 2843 1277 2936; baseline 0.002 -24"><span class='ocrx_word' id='word_1_187' title='bbox 156 2849 302 2914; x_wconf 83' lang='lat' dir='ltr'>vivendo</span> <span class='ocrx_word' id='word_1_188' title='bbox 332 2849 395 2928; x_wconf 90' lang='lat' dir='ltr'>illi,</span> <span class='ocrx_word' id='word_1_189' title='bbox 425 2850 463 2913; x_wconf 91' lang='lat' dir='ltr'>in</span> <span class='ocrx_word' id='word_1_190' title='bbox 493 2851 591 2915; x_wconf 87' lang='lat' dir='ltr'>cuius</span> <span class='ocrx_word' id='word_1_191' title='bbox 620 2851 758 2916; x_wconf 92' lang='lat' dir='ltr'>nomine</span> <span class='ocrx_word' id='word_1_192' title='bbox 787 2843 955 2936; x_wconf 81' lang='lat' dir='ltr'>iscriptah</span> <span class='ocrx_word' id='word_1_193' title='bbox 983 2853 1045 2929; x_wconf 89' lang='lat' dir='ltr'>est,</span> <span class='ocrx_word' id='word_1_194' title='bbox 1075 2872 1147 2916; x_wconf 91' lang='lat' dir='ltr'>non</span> <span class='ocrx_word' id='word_1_195' title='bbox 1172 2853 1277 2916; x_wconf 86' lang='lat' dir='ltr'>tradi·</span> 
     </span>
     <span class='ocr_line' id='line_1_25' title="bbox 158 2937 1276 3024; baseline 0.003 -23"><span class='ocrx_word' id='word_1_196' title='bbox 158 2937 256 3016; x_wconf 91' lang='lat' dir='ltr'>derit,</span> <span class='ocrx_word' id='word_1_197' title='bbox 288 2937 479 3021; x_wconf 88' lang='lat' dir='ltr'>quamlibet</span> <span class='ocrx_word' id='word_1_198' title='bbox 505 2939 637 3003; x_wconf 85' lang='lat' dir='ltr'>tradita</span> <span class='ocrx_word' id='word_1_199' title='bbox 659 2940 806 3017; x_wconf 90' lang='lat' dir='ltr'>nonsit,</span> <span class='ocrx_word' id='word_1_200' title='bbox 836 2943 955 3005; x_wconf 89' lang='lat' dir='ltr'>tamen</span> <span class='ocrx_word' id='word_1_201' title='bbox 985 2939 1066 3004; x_wconf 86' lang='lat' dir='ltr'>dum</span> <span class='ocrx_word' id='word_1_202' title='bbox 1081 2944 1176 3024; x_wconf 89' lang='lat' dir='ltr'>-post</span> <span class='ocrx_word' id='word_1_203' title='bbox 1203 2941 1276 3005; x_wconf 89' lang='lat' dir='ltr'>eius</span> 
     </span>
     <span class='ocr_line' id='line_1_26' title="bbox 158 3026 1276 3112; baseline 0.004 -24"><span class='ocrx_word' id='word_1_204' title='bbox 158 3026 291 3091; x_wconf 86' lang='lat' dir='ltr'>obitum</span> <span class='ocrx_word' id='word_1_205' title='bbox 323 3029 486 3112; x_wconf 80' lang='lat' dir='ltr'>repperta</span> <span class='ocrx_word' id='word_1_206' title='bbox 518 3027 640 3106; x_wconf 80' lang='lat' dir='ltr'>fuerit,</span> <span class='ocrx_word' id='word_1_207' title='bbox 675 3027 737 3093; x_wconf 89' lang='lat' dir='ltr'>ille</span> <span class='ocrx_word' id='word_1_208' title='bbox 770 3028 838 3093; x_wconf 90' lang='lat' dir='ltr'>sibi</span> <span class='ocrx_word' id='word_1_209' title='bbox 872 3048 948 3092; x_wconf 88' lang='lat' dir='ltr'>eam</span> <span class='ocrx_word' id='word_1_210' title='bbox 976 3028 1169 3094; x_wconf 84' lang='lat' dir='ltr'>vindicabit</span> <span class='ocrx_word' id='word_1_211' title='bbox 1198 3050 1276 3093; x_wconf 92' lang='lat' dir='ltr'>cum</span> 
     </span>
     <span class='ocr_line' id='line_1_27' title="bbox 22 3115 1276 3202; baseline 0.004 -25"><span class='ocrx_word' id='word_1_212' title='bbox 22 3139 23 3188; x_wconf 56' lang='lat' dir='ltr'>q</span> <span class='ocrx_word' id='word_1_213' title='bbox 158 3115 314 3180; x_wconf 88' lang='lat' dir='ltr'>omnibus</span> <span class='ocrx_word' id='word_1_214' title='bbox 336 3115 450 3194; x_wconf 89' lang='lat' dir='ltr'>rebus,</span> <span class='ocrx_word' id='word_1_215' title='bbox 475 3137 541 3200; x_wconf 86' lang='lat' dir='ltr'>que</span> <span class='ocrx_word' id='word_1_216' title='bbox 563 3116 613 3181; x_wconf 90' lang='lat' dir='ltr'>ibi</span> <span class='ocrx_word' id='word_1_217' title='bbox 634 3117 825 3202; x_wconf 89' lang='lat' dir='ltr'>conseripte</span> <span class='ocrx_word' id='word_1_218' title='bbox 848 3119 940 3195; x_wconf 90' lang='lat' dir='ltr'>sunt,</span> <span class='ocrx_word' id='word_1_219' title='bbox 965 3117 1003 3180; x_wconf 92' lang='lat' dir='ltr'>in</span> <span class='ocrx_word' id='word_1_220' title='bbox 1017 3118 1115 3182; x_wconf 92' lang='lat' dir='ltr'>cuius</span> <span class='ocrx_word' id='word_1_221' title='bbox 1137 3117 1276 3182; x_wconf 90' lang='lat' dir='ltr'>nomine</span> 
     </span>
     <span class='ocr_line' id='line_1_28' title="bbox 159 3204 1276 3290; baseline 0.004 -24"><span class='ocrx_word' id='word_1_222' title='bbox 159 3204 304 3267; x_wconf 86' lang='lat' dir='ltr'>donator</span> <span class='ocrx_word' id='word_1_223' title='bbox 326 3225 402 3269; x_wconf 91' lang='lat' dir='ltr'>eam</span> <span class='ocrx_word' id='word_1_224' title='bbox 425 3204 500 3269; x_wconf 89' lang='lat' dir='ltr'>fieri</span> <span class='ocrx_word' id='word_1_225' title='bbox 515 3204 664 3270; x_wconf 88' lang='lat' dir='ltr'>voluisse</span> <span class='ocrx_word' id='word_1_226' title='bbox 687 3205 916 3290; x_wconf 83' lang='lat' dir='ltr'>cognoscitur.</span> <span class='ocrx_word' id='word_1_227' title='bbox 952 3204 1123 3284; x_wconf 81' lang='lat' dir='ltr'>Quoniam</span> <span class='ocrx_word' id='word_1_228' title='bbox 1145 3207 1276 3270; x_wconf 90' lang='lat' dir='ltr'>iustum</span> 
     </span>
     <span class='ocr_line' id='line_1_29' title="bbox 159 3293 1273 3379; baseline 0.003 -25"><span class='ocrx_word' id='word_1_229' title='bbox 159 3293 296 3357; x_wconf 90' lang='lat' dir='ltr'>omnino</span> <span class='ocrx_word' id='word_1_230' title='bbox 315 3296 377 3371; x_wconf 88' lang='lat' dir='ltr'>est,</span> <span class='ocrx_word' id='word_1_231' title='bbox 401 3295 443 3356; x_wconf 90' lang='lat' dir='ltr'>ut</span> <span class='ocrx_word' id='word_1_232' title='bbox 464 3293 545 3357; x_wconf 91' lang='lat' dir='ltr'>talis</span> <span class='ocrx_word' id='word_1_233' title='bbox 569 3294 740 3378; x_wconf 89' lang='lat' dir='ltr'>scriptura</span> <span class='ocrx_word' id='word_1_234' title='bbox 761 3294 865 3359; x_wconf 89' lang='lat' dir='ltr'>robor</span> <span class='ocrx_word' id='word_1_235' title='bbox 887 3294 1114 3379; x_wconf 88' lang='lat' dir='ltr'>plenitudinis</span> <span class='ocrx_word' id='word_1_236' title='bbox 1137 3293 1273 3371; x_wconf 82' lang='lat' dir='ltr'>habeat,</span> 
     </span>
     <span class='ocr_line' id='line_1_30' title="bbox 159 3375 1276 3466; baseline 0.001 -22"><span class='ocrx_word' id='word_1_237' title='bbox 159 3399 259 3462; x_wconf 91' lang='lat' dir='ltr'>quam</span> <span class='ocrx_word' id='word_1_238' title='bbox 270 3381 388 3446; x_wconf 83' lang='lat' dir='ltr'>vivens</span> <span class='ocrx_word' id='word_1_239' title='bbox 404 3381 551 3446; x_wconf 89' lang='lat' dir='ltr'>donator</span> <span class='ocrx_word' id='word_1_240' title='bbox 565 3382 617 3446; x_wconf 89' lang='lat' dir='ltr'>ita</span> <span class='ocrx_word' id='word_1_241' title='bbox 632 3375 814 3460; x_wconf 82' lang='lat' dir='ltr'>salvabit¹‚</span> <span class='ocrx_word' id='word_1_242' title='bbox 830 3386 871 3446; x_wconf 91' lang='lat' dir='ltr'>ut</span> <span class='ocrx_word' id='word_1_243' title='bbox 886 3403 1103 3466; x_wconf 86' lang='lat' dir='ltr'>nequaquam</span> <span class='ocrx_word' id='word_1_244' title='bbox 1117 3383 1276 3448; x_wconf 85' lang='lat' dir='ltr'>videatur</span> 
     </span>
     <span class='ocr_line' id='line_1_31' title="bbox 22 3468 1276 3556; baseline 0.003 -24"><span class='ocrx_word' id='word_1_245' title='bbox 22 3511 24 3552; x_wconf 43' lang='grc' dir='ltr'><strong>ᾗ</strong></span> <span class='ocrx_word' id='word_1_246' title='bbox 125 3525 131 3538; x_wconf 86' lang='grc'>,</span> <span class='ocrx_word' id='word_1_247' title='bbox 159 3468 376 3552; x_wconf 89' lang='lat' dir='ltr'>aliquatenus</span> <span class='ocrx_word' id='word_1_248' title='bbox 405 3470 587 3534; x_wconf 89' lang='lat' dir='ltr'>inmutata.</span> <span class='ocrx_word' id='word_1_249' title='bbox 635 3469 736 3549; x_wconf 79' lang='lat' dir='ltr'>Quod</span> <span class='ocrx_word' id='word_1_250' title='bbox 766 3471 795 3535; x_wconf 92' lang='lat' dir='ltr'>si</span> <span class='ocrx_word' id='word_1_251' title='bbox 824 3471 947 3556; x_wconf 91' lang='lat' dir='ltr'>ipsum,</span> <span class='ocrx_word' id='word_1_252' title='bbox 979 3471 1036 3537; x_wconf 89' lang='lat' dir='ltr'>cui</span> <span class='ocrx_word' id='word_1_253' title='bbox 1064 3491 1119 3538; x_wconf 88' lang='lat' dir='ltr'>res</span> <span class='ocrx_word' id='word_1_254' title='bbox 1149 3473 1276 3537; x_wconf 87' lang='lat' dir='ltr'>donate</span> 
     </span>
     <span class='ocr_line' id='line_1_32' title="bbox 22 3557 1275 3643; baseline 0.003 -25"><span class='ocrx_word' id='word_1_255' title='bbox 22 3603 24 3630; x_wconf 72' lang='lat'>,</span> <span class='ocrx_word' id='word_1_256' title='bbox 158 3557 305 3635; x_wconf 77' lang='lat' dir='ltr'>fuerant,</span> <span class='ocrx_word' id='word_1_257' title='bbox 334 3558 453 3622; x_wconf 84' lang='lat' dir='ltr'>fatalis</span> <span class='ocrx_word' id='word_1_258' title='bbox 476 3579 575 3624; x_wconf 86' lang='lat' dir='ltr'>casus</span> <span class='ocrx_word' id='word_1_259' title='bbox 598 3559 642 3625; x_wconf 92' lang='lat' dir='ltr'>ab</span> <span class='ocrx_word' id='word_1_260' title='bbox 666 3561 731 3624; x_wconf 90' lang='lat' dir='ltr'>hac</span> <span class='ocrx_word' id='word_1_261' title='bbox 753 3560 827 3624; x_wconf 85' lang='lat' dir='ltr'>vita</span> <span class='ocrx_word' id='word_1_262' title='bbox 849 3559 1061 3636; x_wconf 77' lang='lat' dir='ltr'>subduxerit,</span> <span class='ocrx_word' id='word_1_263' title='bbox 1091 3564 1275 3643; x_wconf 88' lang='lat' dir='ltr'>antequam</span> 
     </span>
     <span class='ocr_line' id='line_1_33' title="bbox 22 3645 1275 3732; baseline 0.003 -24"><span class='ocrx_word' id='word_1_264' title='bbox 22 3695 23 3698; x_wconf 15' lang='grc' dir='ltr'>η</span> <span class='ocrx_word' id='word_1_265' title='bbox 158 3665 228 3710; x_wconf 91' lang='lat' dir='ltr'>rem</span> <span class='ocrx_word' id='word_1_266' title='bbox 252 3645 318 3710; x_wconf 86' lang='lat' dir='ltr'>sibi</span> <span class='ocrx_word' id='word_1_267' title='bbox 340 3647 505 3712; x_wconf 92' lang='lat' dir='ltr'>donatam</span> <span class='ocrx_word' id='word_1_268' title='bbox 525 3651 673 3732; x_wconf 89' lang='lat' dir='ltr'>caperet,</span> <span class='ocrx_word' id='word_1_269' title='bbox 698 3648 742 3712; x_wconf 88' lang='lat' dir='ltr'>ad</span> <span class='ocrx_word' id='word_1_270' title='bbox 765 3649 967 3714; x_wconf 88' lang='lat' dir='ltr'>donatorem</span> <span class='ocrx_word' id='word_1_271' title='bbox 985 3647 1042 3712; x_wconf 82' lang='lat' dir='ltr'>vel</span> <span class='ocrx_word' id='word_1_272' title='bbox 1065 3649 1109 3712; x_wconf 88' lang='lat' dir='ltr'>ad</span> <span class='ocrx_word' id='word_1_273' title='bbox 1132 3648 1275 3713; x_wconf 89' lang='lat' dir='ltr'>heredes</span> 
     </span>
    </p>
   </div>
   <div class='ocr_carea' id='block_1_5' title="bbox 159 3734 1275 3820">
    <p class='ocr_par' dir='ltr' id='par_1_5' title="bbox 159 3734 1275 3820">
     <span class='ocr_line' id='line_1_34' title="bbox 159 3734 1275 3820; baseline 0.005 -24"><span class='ocrx_word' id='word_1_274' title='bbox 159 3734 332 3800; x_wconf 88' lang='lat' dir='ltr'>donatoris</span> <span class='ocrx_word' id='word_1_275' title='bbox 354 3755 408 3801; x_wconf 90' lang='lat' dir='ltr'>res</span> <span class='ocrx_word' id='word_1_276' title='bbox 430 3736 507 3820; x_wconf 89' lang='lat' dir='ltr'>ipsa</span> <span class='ocrx_word' id='word_1_277' title='bbox 529 3737 713 3820; x_wconf 88' lang='lat' dir='ltr'>pertineat.</span> <span class='ocrx_word' id='word_1_278' title='bbox 748 3734 816 3815; x_wconf 79' lang='lat' dir='ltr'>Qui</span> <span class='ocrx_word' id='word_1_279' title='bbox 831 3757 911 3802; x_wconf 88' lang='lat' dir='ltr'>vero</span> <span class='ocrx_word' id='word_1_280' title='bbox 932 3736 996 3801; x_wconf 88' lang='lat' dir='ltr'>sub</span> <span class='ocrx_word' id='word_1_281' title='bbox 1016 3737 1081 3801; x_wconf 91' lang='lat' dir='ltr'>hac</span> <span class='ocrx_word' id='word_1_282' title='bbox 1097 3737 1275 3802; x_wconf 88' lang='lat' dir='ltr'>occasione</span> 
     </span>
    </p>
   </div>
   <div class='ocr_carea' id='block_1_6' title="bbox 158 3821 1274 3909">
    <p class='ocr_par' dir='ltr' id='par_1_6' title="bbox 22 3813 1274 3916">
     <span class='ocr_line' id='line_1_35' title="bbox 158 3821 1274 3909; baseline 0.002 -20.783"><span class='ocrx_word' id='word_1_283' title='bbox 158 3821 312 3907; x_wconf 83' lang='lat' dir='ltr'>largitur,</span> <span class='ocrx_word' id='word_1_284' title='bbox 343 3827 385 3887; x_wconf 87' lang='lat' dir='ltr'>ut</span> <span class='ocrx_word' id='word_1_285' title='bbox 407 3825 553 3890; x_wconf 88' lang='lat' dir='ltr'>eandem</span> <span class='ocrx_word' id='word_1_286' title='bbox 575 3846 648 3890; x_wconf 85' lang='lat' dir='ltr'>rem</span> <span class='ocrx_word' id='word_1_287' title='bbox 669 3826 753 3909; x_wconf 88' lang='lat' dir='ltr'>ipse,</span> <span class='ocrx_word' id='word_1_288' title='bbox 784 3826 843 3908; x_wconf 90' lang='lat' dir='ltr'>qui</span> <span class='ocrx_word' id='word_1_289' title='bbox 871 3827 987 3902; x_wconf 82' lang='lat' dir='ltr'>donat,</span> <span class='ocrx_word' id='word_1_290' title='bbox 1017 3824 1274 3890; x_wconf 80' lang='lat' dir='ltr'>usufructuario</span> 
     </span>
    </p>
   </div>
   <div class='ocr_carea' id='block_1_7' title="bbox 22 4011 1277 4224">
    <p class='ocr_par' dir='ltr' id='par_1_7' title="bbox 22 4011 1277 4224">
     <span class='ocr_line' id='line_1_36' title="bbox 22 4011 1275 4126; baseline 0 -18"><span class='ocrx_word' id='word_1_291' title='bbox 22 4099 24 4126; x_wconf 77' lang='grc'>,</span> <span class='ocrx_word' id='word_1_292' title='bbox 262 4011 657 4118; x_wconf 55' lang='lat' dir='ltr'>dvll.mell)lplebbntlprcp.t.122.</span> <span class='ocrx_word' id='word_1_293' title='bbox 702 4067 726 4117; x_wconf 89' lang='lat' dir='ltr'>b)</span> <span class='ocrx_word' id='word_1_294' title='bbox 739 4069 855 4111; x_wconf 69' lang='lat' dir='ltr'>decetltl.</span> <span class='ocrx_word' id='word_1_295' title='bbox 896 4070 917 4117; x_wconf 90' lang='lat' dir='ltr'>c)</span> <span class='ocrx_word' id='word_1_296' title='bbox 931 4066 1027 4108; x_wconf 78' lang='lat' dir='ltr'>donator</span> <span class='ocrx_word' id='word_1_297' title='bbox 1040 4067 1089 4110; x_wconf 73' lang='lat' dir='ltr'>aa.</span> <span class='ocrx_word' id='word_1_298' title='bbox 1104 4067 1152 4110; x_wconf 79' lang='lat' dir='ltr'>El.</span> <span class='ocrx_word' id='word_1_299' title='bbox 1196 4065 1275 4117; x_wconf 72' lang='lat' dir='ltr'>cupro</span> 
     </span>
     <span class='ocr_line' id='line_1_37' title="bbox 22 4118 1277 4172; baseline 0.006 -15"><span class='ocrx_word' id='word_1_300' title='bbox 22 4127 24 4150; x_wconf 65' lang='lat' dir='ltr'>l</span> <span class='ocrx_word' id='word_1_301' title='bbox 159 4119 253 4159; x_wconf 88' lang='lat' dir='ltr'>-lllum</span> <span class='ocrx_word' id='word_1_302' title='bbox 268 4121 368 4163; x_wconf 56' lang='lat' dir='ltr'>cludit.</span> <span class='ocrx_word' id='word_1_303' title='bbox 421 4121 614 4169; x_wconf 58' lang='lat' dir='ltr'>emtarum.</span> <span class='ocrx_word' id='word_1_304' title='bbox 667 4121 897 4172; x_wconf 68' lang='lat' dir='ltr'>Oseripturamlii.</span> <span class='ocrx_word' id='word_1_305' title='bbox 950 4118 1277 4171; x_wconf 68' lang='lat' dir='ltr'>g)vel-redaoaua.121.</span> 
     </span>
     <span class='ocr_line' id='line_1_38' title="bbox 22 4171 586 4224; baseline 0.014 -16"><span class='ocrx_word' id='word_1_306' title='bbox 22 4177 24 4208; x_wconf 75' lang='grc' dir='ltr'><strong><em>ε</em></strong></span> <span class='ocrx_word' id='word_1_307' title='bbox 159 4171 181 4219; x_wconf 89' lang='lat' dir='ltr'>h)</span> <span class='ocrx_word' id='word_1_308' title='bbox 194 4173 279 4224; x_wconf 79' lang='lat' dir='ltr'>scripta</span> <span class='ocrx_word' id='word_1_309' title='bbox 291 4173 313 4212; x_wconf 80' lang='grc' dir='ltr'><em>Β</em></span> <span class='ocrx_word' id='word_1_310' title='bbox 321 4173 341 4217; x_wconf 72' lang='lat' dir='ltr'>t.</span> <span class='ocrx_word' id='word_1_311' title='bbox 394 4173 411 4221; x_wconf 87' lang='lat' dir='ltr'>l)</span> <span class='ocrx_word' id='word_1_312' title='bbox 425 4173 524 4214; x_wconf 72' lang='lat' dir='ltr'>salvavit</span> <span class='ocrx_word' id='word_1_313' title='bbox 537 4174 586 4218; x_wconf 67' lang='lat'>122.</span> 
     </span>
    </p>
   </div>
   <div class='ocr_carea' id='block_1_8' title="bbox 22 4311 1276 4598">
    <p class='ocr_par' dir='ltr' id='par_1_8' title="bbox 160 4311 1274 4384">
     <span class='ocr_line' id='line_1_39' title="bbox 160 4311 1274 4384; baseline 0.004 -19"><span class='ocrx_word' id='word_1_314' title='bbox 160 4311 186 4379; x_wconf 86' lang='lat'>1)</span> <span class='ocrx_word' id='word_1_315' title='bbox 202 4313 243 4378; x_wconf 75' lang='lat' dir='ltr'>Cf.</span> <span class='ocrx_word' id='word_1_316' title='bbox 256 4314 288 4368; x_wconf 84' lang='lat' dir='ltr'>L.</span> <span class='ocrx_word' id='word_1_317' title='bbox 302 4314 378 4370; x_wconf 82' lang='lat' dir='ltr'>Rom.</span> <span class='ocrx_word' id='word_1_318' title='bbox 392 4315 448 4368; x_wconf 79' lang='lat' dir='ltr'>Via.</span> <span class='ocrx_word' id='word_1_319' title='bbox 461 4314 490 4370; x_wconf 79' lang='lat'>0.</span> <span class='ocrx_word' id='word_1_320' title='bbox 503 4315 552 4370; x_wconf 74' lang='lat' dir='ltr'>Tb.</span> <span class='ocrx_word' id='word_1_321' title='bbox 571 4315 625 4382; x_wconf 90' lang='lat' dir='ltr'>III,</span> <span class='ocrx_word' id='word_1_322' title='bbox 641 4318 665 4382; x_wconf 90' lang='lat' dir='ltr'>l,</span> <span class='ocrx_word' id='word_1_323' title='bbox 678 4318 705 4371; x_wconf 84' lang='lat'>4.</span> <span class='ocrx_word' id='word_1_324' title='bbox 723 4316 859 4384; x_wconf 65' lang='lat' dir='ltr'>lampa:</span> <span class='ocrx_word' id='word_1_325' title='bbox 876 4313 1072 4384; x_wconf 75' lang='lat' dir='ltr'>Quaecumque</span> <span class='ocrx_word' id='word_1_326' title='bbox 1090 4329 1207 4384; x_wconf 86' lang='lat' dir='ltr'>persona</span> <span class='ocrx_word' id='word_1_327' title='bbox 1226 4356 1231 4369; x_wconf 93' lang='lat'>.</span> <span class='ocrx_word' id='word_1_328' title='bbox 1246 4355 1274 4370; x_wconf 90' lang='lat'>..</span> 
     </span>
    </p>

    <p class='ocr_par' dir='ltr' id='par_1_9' title="bbox 160 4382 1275 4456">
     <span class='ocr_line' id='line_1_40' title="bbox 160 4382 1275 4456; baseline 0.003 -22"><span class='ocrx_word' id='word_1_329' title='bbox 160 4382 181 4434; x_wconf 84' lang='lat' dir='ltr'>si</span> <span class='ocrx_word' id='word_1_330' title='bbox 197 4383 290 4436; x_wconf 88' lang='lat' dir='ltr'>villam</span> <span class='ocrx_word' id='word_1_331' title='bbox 375 4383 531 4440; x_wconf 89' lang='lat' dir='ltr'>vendiderit</span> <span class='ocrx_word' id='word_1_332' title='bbox 549 4388 577 4439; x_wconf 90' lang='lat' dir='ltr'>et</span> <span class='ocrx_word' id='word_1_333' title='bbox 594 4385 707 4440; x_wconf 81' lang='lat' dir='ltr'>forsitan</span> <span class='ocrx_word' id='word_1_334' title='bbox 725 4389 821 4455; x_wconf 86' lang='lat' dir='ltr'>postea</span> <span class='ocrx_word' id='word_1_335' title='bbox 839 4402 978 4456; x_wconf 84' lang='lat' dir='ltr'>opponere</span> <span class='ocrx_word' id='word_1_336' title='bbox 996 4385 1070 4453; x_wconf 83' lang='lat' dir='ltr'>velit,</span> <span class='ocrx_word' id='word_1_337' title='bbox 1092 4384 1166 4453; x_wconf 88' lang='lat' dir='ltr'>quod</span> <span class='ocrx_word' id='word_1_338' title='bbox 1184 4383 1275 4438; x_wconf 90' lang='lat' dir='ltr'>minus</span> 
     </span>
    </p>

    <p class='ocr_par' dir='ltr' id='par_1_10' title="bbox 22 4454 1276 4598">
     <span class='ocr_line' id='line_1_41' title="bbox 159 4454 1276 4527; baseline 0.002 -21"><span class='ocrx_word' id='word_1_339' title='bbox 159 4454 237 4520; x_wconf 85' lang='lat' dir='ltr'>pretii</span> <span class='ocrx_word' id='word_1_340' title='bbox 259 4455 404 4524; x_wconf 85' lang='lat' dir='ltr'>acceperit,</span> <span class='ocrx_word' id='word_1_341' title='bbox 430 4473 513 4524; x_wconf 88' lang='lat' dir='ltr'>quam</span> <span class='ocrx_word' id='word_1_342' title='bbox 536 4473 580 4511; x_wconf 87' lang='lat' dir='ltr'>res</span> <span class='ocrx_word' id='word_1_343' title='bbox 603 4457 720 4525; x_wconf 86' lang='lat' dir='ltr'>valebat,</span> <span class='ocrx_word' id='word_1_344' title='bbox 745 4457 810 4525; x_wconf 91' lang='lat' dir='ltr'>quia</span> <span class='ocrx_word' id='word_1_345' title='bbox 832 4456 904 4511; x_wconf 80' lang='lat' dir='ltr'>forte</span> <span class='ocrx_word' id='word_1_346' title='bbox 927 4473 1023 4527; x_wconf 80' lang='lat' dir='ltr'>agrum</span> <span class='ocrx_word' id='word_1_347' title='bbox 1047 4473 1129 4524; x_wconf 90' lang='lat' dir='ltr'>quem</span> <span class='ocrx_word' id='word_1_348' title='bbox 1151 4454 1276 4510; x_wconf 84' lang='lat' dir='ltr'>vendidit</span> 
     </span>
     <span class='ocr_line' id='line_1_42' title="bbox 22 4523 1225 4598; baseline 0.005 -23"><span class='ocrx_word' id='word_1_349' title='bbox 22 4567 24 4594; x_wconf 82' lang='grc'>,</span> <span class='ocrx_word' id='word_1_350' title='bbox 159 4523 236 4594; x_wconf 81' lang='lat' dir='ltr'>longe</span> <span class='ocrx_word' id='word_1_351' title='bbox 254 4525 359 4595; x_wconf 85' lang='lat' dir='ltr'>positus</span> <span class='ocrx_word' id='word_1_352' title='bbox 377 4527 516 4598; x_wconf 75' lang='lat' dir='ltr'>ignorasse</span> <span class='ocrx_word' id='word_1_353' title='bbox 535 4544 564 4582; x_wconf 87' lang='lat' dir='ltr'>se</span> <span class='ocrx_word' id='word_1_354' title='bbox 582 4527 663 4597; x_wconf 85' lang='lat' dir='ltr'>dicat,</span> <span class='ocrx_word' id='word_1_355' title='bbox 681 4544 739 4582; x_wconf 88' lang='lat' dir='ltr'>non</span> <span class='ocrx_word' id='word_1_356' title='bbox 756 4527 818 4583; x_wconf 86' lang='lat' dir='ltr'>ideo</span> <span class='ocrx_word' id='word_1_357' title='bbox 836 4527 958 4584; x_wconf 84' lang='lat' dir='ltr'>venditio</span> <span class='ocrx_word' id='word_1_358' title='bbox 975 4527 1078 4597; x_wconf 83' lang='lat' dir='ltr'>poterit</span> <span class='ocrx_word' id='word_1_359' title='bbox 1095 4526 1225 4582; x_wconf 84' lang='lat' dir='ltr'>revocari.</span> 
     </span>
    </p>
   </div>
   <div class='ocr_carea' id='block_1_9' title="bbox 1009 4632 1060 4689">
    <p class='ocr_par' dir='ltr' id='par_1_11' title="bbox 1009 4632 1060 4689">
     <span class='ocr_line' id='line_1_43' title="bbox 1009 4632 1060 4689; baseline -0.02 0"><span class='ocrx_word' id='word_1_360' title='bbox 1009 4632 1060 4689; x_wconf 83' lang='lat'>10*</span> 
     </span>
    </p>
   </div>
   <div class='ocr_carea' id='block_1_10' title="bbox 0 0 1645 5206">
    <p class='ocr_par' dir='ltr' id='par_1_12' title="bbox 0 0 1645 5206">
     <span class='ocr_line' id='line_1_44' title="bbox 0 0 1645 5206; baseline 0 0"><span class='ocrx_word' id='word_1_361' title='bbox 0 0 1645 5206; x_wconf 95' lang='lat' dir='ltr'> </span> 
     </span>
    </p>
   </div>
  </div>
 </body>
</html>
