3264 5206
351 534 403 588 154
536 531 614 587 LEX
631 530 748 590 VISIG.
765 529 1036 588 Rncoassvmn.
1072 529 1109 599 V,
1127 533 1281 599 4,11-13.

349 717 446 780 retur
469 717 505 780 ct
528 714 729 780 decalvatus
750 714 900 800 turpiter
922 715 996 780 eius
1019 714 1217 798 perenniter
1247 713 1386 778 servitio
1416 714 1470 777 ad·

351 796 520 882 dicatur¹3
552 803 664 887 adque
695 803 800 868 etiam
828 804 873 869 de
903 803 1106 869 mulieribus
1135 802 1295 887 ingenuis
1322 802 1470 868 venditis

350 891 406 957 vel
430 892 567 956 donatis
590 893 694 957 huius
717 891 847 957 ordinis
869 891 983 956 forma
1006 894 1172 957 servetur.

754 1061 824 1120 nu.
853 1061 1069 1133 ANTIQUna.
1138 1039 1142 1044 ’

352 1174 445 1240 Non
469 1168 632 1241 licereb
651 1175 913 1258 parentibus
932 1175 1060 1239 filios
1084 1194 1182 1239 suos
1206 1193 1471 1258 quocumque

435 1266 670 1328 contractu
699 1263 888 1329 alterius
919 1263 1112 1328 dominio
1142 1263 1390 1346 subiugare.

460 1369 667 1436 Parentibus
696 1369 786 1434 filios
816 1390 896 1434 snos
917 1370 1066 1436 vendere
1095 1390 1167 1434 non
1196 1369 1301 1434 liceat
1330 1372 1392 1433 aut
1419 1369 1473 1433 do-

353 1478 437 1523 nare
463 1457 520 1523 vel
547 1458 810 1544 obpignorare⁰.
856 1457 930 1524 Nec
961 1478 1003 1524 er
1031 1457 1102 1522 illis
1132 1457 1265 1542 aliquid
1293 1452 1387 1522 iurid
1414 1477 1474 1522 suo

355 1546 522 1614 defendat
548 1547 618 1624 ille,
649 1547 710 1630 qui
732 1547 919 1632 acceperit;
951 1547 1012 1612 sed
1039 1547 1149 1631 magis
1175 1547 1326 1632 pretium
1349 1545 1405 1611 vel
1429 1565 1475 1611 se·

354 1635 535 1720 positionis
564 1636 791 1712 commodum,
822 1636 916 1719 quod
945 1636 1099 1714 dederat,
1130 1636 1254 1721 perdat
1283 1634 1343 1720 qui
1372 1655 1393 1699 a
1420 1655 1475 1718 pa·

354 1725 511 1790 rentibus
534 1725 645 1789 filium
668 1724 880 1809 conparavit.

196 1382 223 1401 =
234 1363 283 1408 eod.
290 1364 344 1407 nur.

257 1421 304 1464 299.

1607 723 1610 774 l

1608 1549 1610 1642 l

553 1893 638 1951 xm.
668 1893 1276 1952 manuscnnmnsvmnusnnx.
1607 1767 1610 1900 1

576 2006 637 2072 De
659 2027 881 2073 servorum
903 2007 1093 2073 vinditio
1115 2007 1256 2073 rebus.
1607 2055 1610 2258 Ι

462 2114 530 2178 Res
556 2115 641 2178 iuris
664 2113 770 2180 alieni
792 2114 866 2180 sine
889 2113 1021 2179 domini
1041 2112 1234 2178 volumtate
1264 2112 1307 2178 ab
1336 2132 1387 2189 eo,
1418 2112 1478 2195 qui

355 2224 426 2268 non
449 2203 556 2268 habet
579 2203 794 2269 distrahendi
817 2222 999 2287 personam
1009 2203 1030 2280 ¹,
1055 2201 1199 2268 alienari
1220 2221 1292 2265 non
1314 2201 1476 2286 patimur.

356 2291 519 2377 Ideoque,
544 2312 622 2356 cum
637 2291 858 2376 promulgata
872 2292 1005 2358 sanctio
1023 2291 1108 2355 iuris
1131 2290 1289 2374 antiqui²
1310 2310 1381 2354 non
1404 2289 1476 2354 sine

357 2380 574 2445 dominorum
586 2380 766 2465 dispendio
782 2401 957 2446 servorum
968 2379 1184 2446 venditiones
1200 2378 1238 2442 in
1252 2379 1389 2442 irritum
1405 2398 1477 2462 pre·
1609 2377 1610 2430 Ὗ

357 2469 488 2554 ceperit
517 2469 689 2548 devocari,
721 2469 996 2554 providentiori⁸
1023 2468 1162 2533 decreto
1192 2465 1417 2544 consulimus,
1449 2467 1477 2530 si

357 2558 450 2642 leges
479 2558 610 2643 patrias
640 2559 685 2623 ad
714 2558 878 2642 equitatis
906 2557 1064 2642 regulam
1092 2556 1304 2641 redigamus,
1336 2547 1473 2638 sitqueb

356 2647 480 2712 melius
502 2650 640 2713 earum⁰
669 2650 802 2711 statuta
825 2647 1005 2730 corrigere,
1036 2665 1140 2730 quam
1169 2665 1248 2709 cum
1276 2645 1324 2709 eis
1347 2643 1478 2729 pariter
1609 2671 1610 2680 ¹

356 2736 526 2801 oberrare.
571 2733 799 2820 Quapropter,
824 2735 952 2819 siquis
976 2755 1111 2800 servum
1133 2733 1190 2798 vel
1212 2732 1376 2798 ancillam
1399 2731 1477 2797 alie·
1608 2813 1609 2816 Ἴ

355 2846 437 2889 nam
464 2825 583 2901 sciens,
613 2825 656 2890 ab
680 2825 730 2889 eis
753 2824 915 2909 deinceps
939 2816 1088 2902 domum,
1120 2843 1242 2906 agrum
1263 2821 1320 2887 vel
1341 2821 1479 2886 vineam
1608 2845 1610 2880 1

357 2934 418 2979 seu
439 2913 650 2998 mancipium
672 2911 737 2978 sub
759 2931 975 2996 quacumque
998 2905 1257 2977 definitionemd
1275 2910 1477 2996 perceperit,

358 3003 498 3067 donatio
522 3003 691 3085 siquidem
713 3001 769 3066 vel
792 3001 955 3086 sepositio
985 3001 1028 3066 de
1057 3000 1188 3065 talibus
1218 2998 1372 3084 personis
1402 3019 1478 3063 con·

356 3095 471 3156 tracta
499 3112 570 3156 non
598 3091 723 3166 valeat,
754 3091 806 3154 ita
834 3092 895 3153 nt⁰
922 3109 987 3155 nec
1017 3089 1138 3154 datum
1168 3088 1386 3154 commodum
1415 3107 1478 3171 pro

357 3180 565 3265 sepositione
594 3180 776 3256 reddatur;
807 3178 962 3244 venditio
984 3179 1065 3242 vero
1089 3199 1168 3242 cum
1192 3176 1372 3260 dispendio
1402 3195 1478 3240 con·

357 3269 511 3352 parantis
545 3269 687 3351 inrupta
720 3267 769 3332 sic
801 3267 846 3332 ad
875 3267 965 3332 servi
991 3265 1048 3331 vel
1078 3265 1204 3332 ancille
1235 3265 1413 3329 dominum
1441 3262 1478 3327 in

357 3358 533 3442 integrum
560 3359 749 3434 revocetur,
780 3359 821 3419 ut
849 3359 959 3421 emtor
986 3354 1137 3439 pretium
1160 3374 1202 3420 ex
1224 3353 1383 3418 omnibus
1406 3372 1478 3436 per·
1609 3423 1610 3430 ,

359 3446 429 3509 dat.
449 3490 451 3495 ,
475 3445 572 3510 Iuste
596 3437 709 3510 enimf
727 3444 820 3529 quod
843 3465 904 3528 per
927 3444 1151 3508 ambitionem
1175 3443 1320 3507 dederat
1340 3441 1479 3506 videtur
1608 3447 1610 3460 ⁴

359 3535 528 3612 amittere,
559 3533 619 3616 qui
641 3553 703 3597 suo
731 3533 883 3598 dominio
905 3551 978 3597 rem
1002 3552 1123 3597 census
1147 3531 1252 3597 alieni
1265 3530 1401 3594 nititur
1424 3530 1478 3594 ad·

358 3622 498 3708 plicare.
543 3621 704 3686 Pmdiote
725 3640 807 3686 vero
834 3620 973 3694 serviles
995 3641 1139 3706 persone
1163 3621 1193 3684 si
1216 3618 1478 3701 animaliaque

358 3711 446 3776 libet
475 3711 579 3775 bruta
604 3710 834 3788 vendiderint,
866 3730 928 3775 sen
955 3730 1010 3775 res
1040 3727 1271 3792 quascumque
1298 3705 1354 3772 vel
1384 3725 1479 3771 orna·

359 3802 478 3865 menta
501 3799 732 3877 distraxerint,
760 3818 826 3881 que
853 3802 980 3877 tamen,
1012 3801 1074 3862 aut
1097 3798 1151 3862 sui
1173 3797 1243 3862 sint
1267 3795 1395 3880 peculii
1418 3797 1478 3859 aut

360 3910 381 3952 a
397 3887 544 3952 dominis
560 3887 631 3952 suis
646 3886 702 3952 vel
717 3886 795 3951 aliis
810 3887 1014 3971 negotiandi
1036 3886 1240 3952 hoccasione
1256 3883 1478 3949 distrahenda

465 4075 618 4128 nabdlcstur
631 4078 680 4120 Rl.
805 4102 807 4105 f
1093 4110 1097 4118 .

368 4188 369 4192 Ἰ
466 4131 517 4175 ΧΗ.
564 4133 586 4180 ι)
599 4131 657 4171 deret
670 4131 719 4174 Bi.
793 4130 817 4179 b)
830 4129 899 4172 liceat
912 4130 959 4174 121.
1034 4129 1188 4180 c)plgnerere
1202 4129 1251 4172 ΒΞ.
1328 4125 1352 4177 d)
1365 4127 1421 4168 luris
1434 4137 1478 4176 pro

360 4185 405 4225 iuri
418 4195 459 4225 mo
467 4184 530 4281 {2112ss
570 4239 592 4286 a)
606 4234 749 4287 prudentiori
762 4237 809 4280 121.
876 4236 900 4285 b)
913 4236 991 4286 slcque
1005 4236 1055 4280 ΒΞ.
1119 4237 1142 4284 c)
1158 4245 1234 4276 eorum
1248 4235 1296 4278 121.
1363 4231 1387 4284 d)
1401 4231 1479 4274 deflui-

360 4291 422 4332 tione
436 4291 485 4335 Μ.
540 4293 561 4341 e)
575 4291 692 4334 decetRl.
745 4289 862 4339 oetenlm
875 4290 922 4334 Rl.

362 4433 523 4560 ,1)21ἒο7νεωια
542 4457 575 4476 =
594 4431 721 4506 facultas,
741 4431 863 4496 laertia·
881 4433 916 4498 cs.
935 4431 1064 4498 Duronyc
1081 4447 1102 4484 c.
1121 4447 1144 4486 o.
1203 4409 1232 4498 2)
1252 4430 1282 4484 V.
1303 4429 1365 4485 cod.
1384 4428 1481 4482 Euricr‘

359 4520 380 4559 c.
455 4545 460 4559 .
