3264 5206
321 563 373 616 170
523 557 602 613 LEX
619 556 734 615 5⁷1le.
754 556 1023 616 nnccnssVIND.
1060 558 1096 626 V,
1116 563 1141 626 7,
1160 562 1238 616 6-9.

533 735 585 794 VI.
619 735 787 792 rnavms
807 735 1122 795 OHINDASVINDUS
1140 737 1228 792 Rnx.

322 850 365 915 Si
400 871 508 927 eum,
545 870 667 933 quem
701 848 866 932 aliquis
899 871 1039 916 coram
1074 850 1220 914 iudice
1255 849 1443 914 liberum

322 959 414 1004 esse
450 939 630 1016 dixerit,
671 941 825 1023 postea
859 940 936 1004 ad⁸
974 939 1206 1003 servitium
1239 942 1442 1023 repetere

792 1021 966 1092 vellitb.

430 1133 498 1213 Qui
528 1154 589 1198 suo
619 1133 819 1198 testimonio
850 1154 964 1198 coram
998 1134 1110 1198 iudice
1145 1133 1336 1216 quemlibet
1371 1153 1443 1197 esse

322 1223 470 1288 liberum
501 1222 625 1286 dixerit
656 1225 691 1286 et
721 1224 940 1304 postmodum
968 1244 1047 1288 eum
1074 1223 1120 1286 ad
1147 1223 1326 1286 servitium
1348 1221 1443 1286 incli-

322 1333 405 1376 nare
432 1311 590 1388 voluerit,
622 1310 749 1375 alium⁰
781 1310 835 1375 illi
864 1312 1075 1396 mancipium
1103 1305 1143 1375 e‘¹
1170 1311 1342 1376 contrario
1372 1310 1444 1374 red·

324 1401 394 1478 dat,
412 1403 447 1465 et
463 1420 565 1483 quem
581 1399 772 1483 obprimere
788 1399 975 1478 nitebatur,
1000 1400 1037 1463 in
1053 1399 1215 1464 libertate
1232 1402 1443 1483 permaneat.

724 1569 790 1626 vu.
821 1569 1035 1641 curruum.

325 1684 368 1748 Si
394 1684 552 1749 timore
581 1682 819 1768 conpulsus
843 1684 1070 1767 quisquam
1094 1703 1262 1747 servum
1286 1703 1328 1746 se
1352 1701 1444 1746 esse

819 1773 949 1836 dicat.

433 1877 500 1957 Qui
515 1879 639 1942 timore
656 1877 840 1962 conpulsus
857 1898 991 1942 servum
1010 1898 1045 1943 se
1062 1898 1134 1942 esse
1151 1878 1284 1954 dixerit,
1308 1875 1445 1939 nullum

325 1967 554 2051 preiudicium
577 1966 749 2031 libertatis
772 1967 936 2044 incurrat,
968 1967 1077 2031 donec
1100 1967 1137 2030 in
1161 1966 1288 2030 iudicio
1312 1985 1445 2049 presen-

325 2058 430 2132 tetur,
454 2058 495 2118 ut
518 2054 717 2120 libertatem
735 2076 842 2133 suam,
867 2055 896 2118 si
919 2055 1125 2140 probaverit,
1150 2057 1308 2139 presente
1331 2054 1445 2117 iudice

325 2144 492 2295 phtineat
524 2147 585 2209 aut
615 2145 644 2208 si
674 2164 790 2209 servus
821 2144 1045 2223 convincitur,
1080 2143 1199 2208 statim
1230 2142 1368 2207 domino
1397 2162 1446 2206 re·

343 2235 504 2297 ormetur.

738 2366 817 2424 vm.
848 2366 1031 2438 Arrrous.

327 2479 371 2544 Si
391 2481 608 2564 ingenuus
630 2481 681 2544 ad
701 2480 932 2544 servitium
952 2482 1192 2564 repetatur,
1209 2479 1278 2544 vel
1297 2498 1448 2542 servus

622 2589 664 2634 se
688 2569 875 2634 liberum
899 2589 991 2633 esse
1015 2569 1145 2633 dicat.

434 2674 471 2739 si
500 2676 576 2758 quis
606 2676 797 2760 ingenuum
827 2675 871 2739 ad
900 2675 1077 2740 servitium
1105 2675 1264 2739 addicere
1286 2672 1446 2750 voluerit,

326 2764 398 2848 ipse
416 2765 548 2842 doceat,
572 2785 640 2847 quo
663 2765 782 2828 ordine
806 2765 838 2828 ei
861 2783 977 2828 servus
1000 2763 1194 2842 advenerit;
1220 2766 1255 2827 et
1278 2763 1307 2826 si
1330 2781 1448 2825 servus

326 2853 517 2935 ingenuum
540 2872 575 2917 se
600 2873 672 2917 erse
696 2853 831 2928 dixerit,
863 2855 899 2916 et
928 2852 1001 2937 ipse
1032 2851 1137 2916 simili
1163 2851 1265 2916 modo
1293 2849 1448 2933 ingenui·

326 2941 410 3005 tatis
450 2961 510 3006 sue
544 2942 679 3005 firmam
717 2941 878 3006 ostendat
916 2941 1165 3026 probationem.
1223 2939 1334 3004 Iudex
1366 2958 1448 3002 vero

327 3050 445 3094 eorum
464 3031 615 3114 recipere
631 3030 869 3095 testimonium
884 3030 998 3106 debet,
1022 3049 1107 3112 quos
1129 3028 1288 3093 meliores
1311 3028 1445 3111 adque²

327 3119 495 3202 pluriores
526 3139 598 3184 esse
628 3119 826 3203 providerit.
879 3116 980 3197 Quod
1008 3119 1037 3182 si
1066 3117 1217 3183 muneris
1248 3117 1448 3200 acceptione

328 3210 509 3291 corruptus
524 3207 652 3274 iniuste
669 3200 884 3272 curvaberitb
901 3207 1130 3285 innocentem,
1144 3209 1217 3270 tam
1229 3205 1333 3286 iudex
1345 3224 1449 3288 quam

327 3296 456 3381 petitor
478 3295 632 3360 falsarii⁰
660 3316 750 3380 pena
773 3295 975 3360 multentur.
1481 3323 1507 3361 c.

731 3465 829 3524 vnn.
861 3465 1045 3537 lnrroun.

418 3577 557 3657 Quare
593 3579 695 3644 data
729 3579 918 3644 libertas
953 3579 1112 3643 debeat
1145 3576 1354 3642 revocari.

436 3683 504 3763 Qui
531 3705 628 3749 servo
656 3705 717 3749 suo
741 3685 796 3750 vel
825 3685 950 3750 ancille
977 3685 1175 3749 libertatem
1198 3683 1387 3760 donaverit,
1413 3685 1449 3746 et

327 3775 486 3857 presente
514 3774 691 3838 sacerdote
713 3773 770 3838 vel
798 3773 874 3838 aliis
904 3773 1039 3838 duobus
1069 3776 1131 3836 aut
1160 3772 1272 3836 tribus
1301 3770 1450 3836 testibus

327 3862 393 3924 hoc
420 3862 554 3925 factum
578 3882 649 3926 esse
674 3863 877 3940 constiterit,
907 3863 1105 3927 huiusmodi
1132 3861 1331 3926 libertatem
1357 3879 1449 3923 revo-
1481 3890 1511 3928 a.

328 3969 406 4014 care
421 3970 492 4014 non
507 3950 622 4028 liceat,
647 3954 790 4036 excepto
814 3953 843 4016 si
859 3952 1123 4015 manumissoria
1144 3971 1231 4028 eum,
1257 3949 1317 4033 qui
1332 3969 1450 4012 manu·

327 4037 450 4102 missus
467 4042 528 4117 est,
545 4040 749 4104 iniuriosum
764 4043 825 4104 aut
841 4039 1128 4104 contumeliosum
1143 4038 1199 4104 vel
1215 4040 1450 4103 accusatorem

328 4278 352 4332 d)
393 4281 413 4319 R
434 4228 473 4272 VI.
520 4231 542 4278 a)
561 4229 586 4268 ln
603 4229 698 4270 sorvlti0
716 4230 765 4272 aa.
850 4230 873 4279 b)
891 4230 948 4271 vollt
965 4231 1014 4274 Η,
1096 4228 1117 4281 c)
1134 4230 1167 4268 tta
1185 4229 1232 4271 ΕΙ.
1246 4227 1299 4280 EI,
1325 4227 1383 4268 sllut
1400 4226 1452 4270 132.

334 4292 379 4360 >9
434 4335 486 4376 VII.
526 4335 681 4383 udaeam.
735 4336 758 4384 b)
773 4346 822 4376 csso
837 4337 922 4378 ssRI.

435 4388 497 4430 VIII.
537 4388 560 4440 a)
573 4386 648 4437 adque
662 4388 691 4438 pl.
706 4388 749 4432 dec.
762 4390 810 4432 121,
870 4389 893 4438 b)
906 4391 940 4428 tta
953 4388 1235 4440 121.2;curaveritr:1.
1290 4389 1310 4436 c)
1320 4397 1365 4436 pro
1380 4387 1453 4426 carbr's

327 4439 414 4480 falsarii
427 4451 449 4489 p.
463 4451 491 4482 m.
510 4443 580 4480 casir
598 4442 627 4485 al.
641 4453 699 4484 man.
717 4443 800 4492 sembra
817 4443 918 4491 loquutur
933 4444 957 4480 ta
970 4443 1025 4482 aar
1047 4439 1171 4482 secundum
1189 4441 1262 4490 legem
1280 4441 1347 4482 altam
1366 4436 1395 4480 de
1415 4440 1452 4480 his

328 4493 367 4541 qul
381 4494 465 4534 iniusto
479 4492 632 4535 iudicaverint
646 4505 780 4545 componere
795 4506 840 4536 non
854 4500 976 4538 morentur.

434 4547 509 4591 VIIII.
549 4547 572 4600 a)
586 4550 747 4590 manumissore
761 4550 808 4592 ΕΙ.
