3198 5202
316 549 393 603 LEX
412 548 527 604 VISIG.
546 548 815 606 REGGESSVIND.
853 550 953 620 VIIII,
972 555 1088 619 3,1-4.
1213 557 1266 610 273

571 725 593 782 1.
624 725 838 794 ANTIQUAa.

144 838 204 903 Ne
233 839 284 900 ad
312 838 518 902 eclesiam
548 839 811 920 confugiens
842 840 1146 916 abstrahatur,
1178 841 1265 904 nisi

510 927 639 989 armis
671 927 890 991 defensus.

251 1032 400 1095 Nullusl
424 1034 466 1096 de
491 1033 614 1096 eclesia
638 1053 740 1096 susus
763 1034 808 1097 sit
832 1034 981 1116 aliquem
1002 1033 1170 1099 violenter
1194 1035 1265 1099 obs·

144 1125 266 1192 tmere„
292 1121 359 1184 nisi
382 1122 426 1184 ad
446 1121 604 1184 eclesiam
630 1121 831 1204 confugiens
856 1123 958 1185 armis
982 1143 1017 1186 se
1041 1123 1187 1187 fortusse
1212 1125 1264 1187 de·

144 1211 280 1274 sensere
305 1209 463 1274 voluerit.

561 1308 601 1364 u.
632 1308 844 1378 ANTIQUAa.

146 1421 188 1485 si
224 1424 275 1485 ad
306 1415 537 1486 eclesiamb
573 1423 852 1504 confugiens,
889 1424 984 1485 dum
1016 1423 1106 1486 suis
1136 1425 1264 1487 armis

427 1510 700 1586 defenditur,
732 1511 972 1574 occidatur.

252 1615 320 1694 Qui
355 1618 399 1680 ad
434 1609 580 1680 eclesieb
615 1617 765 1700 porticos
805 1611 1001 1700 confugerit
1036 1622 1071 1681 et
1105 1639 1175 1681 non
1210 1619 1264 1682 de·

144 1706 297 1788 posuerit
328 1726 430 1780 arma,
463 1726 528 1787 que
558 1706 682 1781 tenuit,
720 1706 748 1768 si
778 1706 885 1769 fuerit
913 1707 1054 1780 occisus,
1086 1727 1265 1789 percussor

144 1795 179 1856 in
203 1794 280 1857 loco
304 1798 423 1857 sancto
446 1793 579 1856 nullam
607 1795 693 1857 fecit
722 1794 882 1857 iniurium
914 1814 976 1858 nec
1007 1794 1115 1857 ullam
1140 1795 1264 1858 calum·

143 1883 236 1945 niam
261 1882 491 1966 pertimescat.

557 1999 610 2056 111.
642 1999 854 2069 mumma.

178 2113 237 2176 De
269 2113 421 2176 damno
451 2112 667 2176 hominem
697 2106 772 2175 abb
801 2107 1031 2176 eclesiamb
1063 2113 1231 2176 abstra-

622 2201 780 2264 hentis.

252 2307 288 2370 si
316 2309 391 2390 quis
421 2309 463 2370 de
487 2306 654 2369 altaribus
678 2327 812 2370 servum
842 2328 943 2370 suum
974 2310 1034 2370 aut
1062 2308 1261 2386 debitorem,

143 2417 213 2460 non
236 2397 405 2459 traditum
429 2396 495 2458 sibi
518 2416 539 2457 a
562 2396 738 2459 sacerdote
762 2395 816 2459 vel
841 2395 883 2458 ab
905 2396 1028 2460 eclesie
1052 2397 1261 2470 custodibus,

144 2485 313 2548 violenter
337 2484 552 2559 abstraxerit,
578 2485 606 2546 si
629 2484 799 2547 onestior⁰
828 2483 896 2547 loci
919 2505 1064 2567 persons
1087 2488 1148 2559 est,
1174 2481 1260 2548 ubid

144 2575 294 2657 primum
317 2573 423 2636 iudici
447 2573 489 2636 de
513 2592 552 2635 eo
576 2572 683 2636 fuerit
706 2572 864 2646 relatum,
889 2572 1022 2648 altario
1048 2573 1104 2636 cui
1127 2574 1263 2636 iniurio-

145 2683 201 2724 sus
230 2663 312 2738 fuir,
343 2665 487 2744 cogatur
510 2660 815 2724 exolvere-solidos
840 2672 874 2736 0,
905 2661 1072 2724 inferiore
1101 2661 1168 2724 loci
1192 2682 1263 2745 per-

145 2755 251 2813 sonae
281 2751 406 2813 solidos
429 2760 521 2815 XXX.
569 2747 669 2826 Quod
699 2749 727 2812 si
757 2771 827 2812 non
856 2749 1033 2823 habuerit,
1065 2750 1157 2812 unde
1189 2770 1263 2812 con·

145 2841 261 2922 ponat,
287 2840 464 2922 correptus
486 2859 506 2899 a
526 2838 639 2900 iudice
655 2838 692 2899 in
709 2841 881 2901 conventu
896 2848 918 2902 O
934 2837 1073 2920 flagella
1089 2838 1262 2921 suscipiat.

145 2928 314 2990 Dominus
336 2947 416 2990 vero
441 2947 585 3001 servum,
618 2925 688 2990 sive
719 2927 869 2989 creditor
899 2926 1089 2989 debitorem
1119 2927 1263 3009 recipiat

146 3018 355 3080 excusatum.

546 3095 618 3151 ΗΠ.
648 3094 861 3164 ANTIQUAa.

145 3210 200 3274 Ut
235 3210 411 3273 debitor
441 3209 531 3272 sive
562 3228 659 3272 reus
695 3209 744 3272 de
780 3209 944 3272 eclesia
978 3229 1061 3271 non
1096 3209 1263 3274 abstra-

225 3299 402 3372 hantur,
439 3298 512 3360 sed
547 3317 625 3378 que
662 3301 762 3359 sunt
797 3296 949 3360 debita
983 3297 1181 3361 reddunt.

252 3404 328 3476 Eos,
360 3403 420 3485 qui
450 3404 494 3466 ed
522 3402 680 3466 eclesiam
704 3402 759 3466 vel
788 3403 831 3464 ad
860 3402 982 3466 eclesie
1010 3403 1160 3486 porticos
1188 3424 1263 3466 con·

144 3493 309 3575 fugerint,
334 3492 451 3554 nullus
476 3492 674 3574 contingere
698 3493 883 3575 presumat,
909 3492 969 3554 sed
992 3492 1189 3574 presbytero
1209 3491 1264 3555 vel

146 3582 290 3645 diacono
313 3582 459 3664 repetat,
488 3584 529 3642 ut
556 3580 736 3654 reformet;
767 3581 802 3643 et
830 3599 891 3642 seu
918 3579 1054 3643 debitor
1081 3580 1151 3642 sive
1174 3600 1262 3655 reus,

145 3671 204 3753 qui
228 3669 441 3752 confugeret,
474 3669 595 3731 sinon
619 3671 769 3731 meretur
792 3667 911 3743 occidi,
942 3671 1027 3750 aput
1050 3670 1265 3750 repetentem

146 3759 268 3840 eclesie
298 3759 410 3821 cultor
439 3757 656 3832 interveniat,
685 3759 726 3818 ut
749 3757 781 3819 ei
803 3756 939 3819 veniam
963 3756 1022 3818 det
1047 3757 1081 3818 et
1104 3759 1264 3819 exoratus

145 3846 336 3929 indulgeat.
392 3844 491 3923 Quod
525 3846 553 3908 si
586 3844 721 3908 debitor
756 3843 880 3925 aliquis
915 3844 959 3906 ad
994 3843 1153 3907 eclesiam
1189 3864 1264 3906 oon-

145 3935 290 4018 fugerit,
322 3955 401 3998 eum
431 3933 555 3998 eclesia
584 3954 654 3995 non
685 3932 864 4008 defendat,
901 3931 961 3995 sed
996 3932 1174 4014 presbyter
1203 3934 1265 3994 aut

253 4108 271 4148 Ι,
289 4107 319 4148 11.
360 4106 515 4157 1)(11111112,
568 4105 591 4153 b)
606 4104 711 4144 eclesiam
725 4104 773 4145 122.

253 4161 295 4202 111.
336 4160 428 4208 ³)th
442 4159 490 4200 122.
564 4159 586 4206 b)
600 4158 640 4197 abs
656 4158 739 4206 e.B1;
762 4156 962 4198 absconsum.
1035 4157 1055 4203 e)
1070 4155 1196 4194 onesciores
1211 4155 1264 4206 ΒΞ,

147 4213 282 4253 honestioris
297 4213 349 4264 313
372 4213 461 4252 honesti
475 4213 497 4250 E
504 4212 524 4254 2.
584 4209 607 4259 d)
622 4211 654 4248 ita
667 4211 714 4252 Rl.
728 4209 780 4260 1323
802 4213 828 4247 ut
842 4209 890 4251 122,
904 4209 952 4250 El.
1014 4209 1035 4256 e)
1050 4209 1074 4248 si
1088 4207 1201 4247 inferioris
1215 4207 1230 4249 l.
1243 4219 1264 4256 p.

148 4273 181 4306 est
195 4265 234 4306 det
248 4268 308 4361 liiii.
348 4321 370 4367 a)
384 4319 440 4357 deest
454 4318 502 4361 122.

149 4443 174 4511 1)
197 4445 238 4508 Of.
262 4444 299 4494 ad
321 4443 390 4494 bunc
414 4443 494 4507 leyem
517 4447 540 4492 ct
558 4446 688 4506 sequentes
706 4438 738 4490 L.
758 4437 833 4490 Rem.
848 4437 903 4491 Vis.
923 4436 940 4490 l.
959 4453 998 4498 c.,·
1023 4453 1108 4504 snpra
1125 4438 1155 4502 V,
1175 4438 1265 4500 4,17‚·

152 4515 197 4580 VI,
218 4516 309 4580 5,1e,·
328 4514 419 4580 Dabo,
441 4512 563 4576 ‘Kc'nipe’
580 4510 645 4576 111²,
662 4510 823 4576 1137411111.

228 4622 271 4664 un.
282 4621 351 4670 vrsrg.
366 4625 414 4663 ant.
1019 4613 1053 4665 18
