3220 5212
339 547 417 602 LEX
435 546 551 604 V'fSIG.
568 547 839 607 Raccassvfltn.
875 549 914 619 H,
929 554 953 620 1,
971 554 1013 608 18.
1026 554 1072 612 19.
1229 556 1263 610 51

27 799 28 804 ,
141 732 247 796 iudex
270 731 311 806 ei,
337 750 438 813 quem
462 731 580 795 audire
604 733 726 811 noluit,
752 753 813 817 pro
829 733 1073 817 fatigationem
1096 735 1169 799 eius
1191 739 1265 799 tan-

27 905 28 910 *
140 823 229 896 tum,
254 823 422 902 quantum
445 820 518 904 ipse
538 820 581 884 ab
599 822 793 886 adversario
809 843 871 886 suo
888 825 1077 887 secundum
1093 817 1262 907 legalemf

27 945 29 952 ›
141 909 311 972 iudicium
340 909 455 972 fuerat
486 914 700 994 accepturus,
733 914 768 974 et
798 911 908 995 ipsam
939 933 1077 976 causam
1104 912 1174 989 ille,
1205 914 1265 996 qui

142 997 242 1081 petit,
266 1017 374 1079 usque
399 998 444 1061 ad
466 1001 603 1081 tempus
627 999 762 1082 legibus
786 1001 1016 1064 constitutum
1038 1002 1111 1065 itag
1136 1002 1265 1066 habeat

142 1079 386 1162 reservatamh,
411 1090 467 1178 lut,
500 1108 579 1150 oum
603 1107 678 1151 eam
708 1108 898 1171 proponere
921 1089 1079 1166 voluerit,
1111 1089 1265 1154 debitam

142 1175 210 1239 sibi
257 1175 418 1259 eroipiat¹
446 1176 639 1240 veritatem.
687 1175 788 1240 Oerte
812 1177 841 1240 si
864 1177 1023 1241 &audem
1046 1182 1108 1242 aut
1131 1178 1264 1243 dilatio-

141 1283 223 1328 nem
285 1263 410 1328 iudicis
443 1285 514 1328 non
548 1265 702 1347 potuerit
736 1259 882 1349 petitorl
917 1266 1121 1350 adprobare,
1158 1288 1264 1332 sacra·

141 1355 292 1416 mentoIn
330 1373 428 1416 suam
465 1353 568 1417 iudex
608 1353 853 1418 conscientiam
892 1356 1018 1439 expiet,
1060 1357 1151 1438 quod
1186 1377 1265 1420 eum

141 1440 266 1504 nullo11
300 1441 528 1524 malignitatis
559 1442 706 1506 obtentu
734 1443 790 1507 vel
819 1443 995 1525 quolibet⁰
1026 1444 1170 1509 farore¹1
1204 1449 1265 1509 aut

142 1529 297 1594 amicitia
313 1530 432 1594 audire
449 1531 633 1608 distulerit,
659 1535 695 1596 et
717 1535 859 1616 propter
882 1534 947 1596 hoo
971 1532 1154 1616 culpabilis
1173 1533 1264 1597 idem

141 1619 247 1683 iudex
269 1618 469 1683 nullatenus
493 1620 673 1684 habeatur.
720 1620 863 1684 Eidemv
882 1624 1001 1685 tamen
1020 1621 1128 1685 iudici
1150 1621 1263 1699 liceat,

142 1711 211 1771 utg
236 1709 274 1770 in
297 1729 366 1772 una
390 1707 582 1772 ebdomada
606 1709 739 1772 duobus
765 1709 885 1774 diebus
909 1709 964 1774 vel
987 1709 1146 1774 omnibus
1169 1712 1265 1775 meri-

27 1847 28 1850 ,
143 1796 256 1860 dianis
287 1797 364 1873 oris,
396 1797 425 1860 si
447 1797 606 1874 voluerit,
638 1797 766 1881 absque
795 1819 975 1862 causarum
1004 1799 1181 1863 audientia
1204 1821 1264 1864 sue

27 1923 28 1950 i
140 1889 242 1949 vacet
267 1885 384 1949 domui
407 1907 468 1970 pro
493 1887 608 1970 quiete
617 1885 639 1950 1.
684 1886 832 1969 Reliquo
847 1907 928 1951 vero
951 1891 1107 1971 tempore
1130 1888 1265 1972 prolata

27 1981 29 2000 '
142 1974 209 2038 sibi
251 1975 392 2057 negotia
436 1975 598 2059 frequens
637 1979 672 2039 et
711 1976 839 2058 absque
878 1975 1072 2040 dilatione(l
1110 1977 1265 2059 qualibet

142 2063 326 2126 examinet.

517 2180 644 2238 xvnn.
675 2180 884 2251 sarronae.

143 2292 187 2355 si
214 2293 346 2356 iudex
374 2297 449 2356 aut
477 2313 552 2378 per
581 2294 845 2358 commodum
869 2298 944 2358 aut
968 2315 1043 2378 per
1065 2296 1265 2383 ignoran-

445 2383 552 2446 tiam
575 2383 747 2447 iudicet
771 2403 953 2446 oausam.

252 2488 385 2552 Iudex²
415 2489 444 2552 si
473 2510 535 2573 per
564 2489 744 2571 quodlibet
776 2490 992 2553 commodum
1022 2490 1112 2554 male
1140 2490 1266 2555 iudica·

143 2578 233 2641 verit
258 2581 293 2640 et
317 2577 519 2660 cuicumque
542 2578 671 2642 iniuste
696 2578 884 2660 quidquam
911 2579 1041 2642 auferri
1064 2580 1265 2663 preceperit,

144 2665 214 2742 ille,
247 2666 307 2748 qui
330 2686 351 2729 a
373 2667 487 2730 iudice
511 2667 690 2731 ordinatus
722 2667 765 2730 ad
795 2666 991 2731 tollendum
1020 2668 1136 2731 fuerat
1167 2668 1267 2731 desti·

144 2759 259 2831 natus,
283 2774 324 2818 ea
348 2775 413 2838 que
435 2755 521 2819 tulit
543 2755 716 2819 restituat.
755 2754 846 2819 Nam
866 2755 939 2839 ipse
955 2757 1059 2820 iudex
1075 2757 1267 2820 contrarius

145 2845 311 2926 equitatis
335 2844 423 2907 aliut
445 2848 585 2908 tantum
609 2845 650 2908 de
668 2865 738 2921 suo,
764 2848 933 2926 quantum
957 2845 1087 2908 auferri
1109 2845 1265 2921 iusserat,

145 2954 223 2996 mox
247 2933 421 3011 reformet,
446 2934 483 2996 id
506 2937 568 3010 est,
593 2926 729 2998 ablateb
755 2933 806 2997 rei
831 2933 955 3016 simpla
973 2933 1267 3016 redintegratione

145 3015 341 3099 concessab,
366 3043 427 3106 pro
444 3022 681 3086 satisfactione
700 3042 760 3086 sue
775 3022 983 3086 temeritatis
1007 3021 1095 3085 aliut
1117 3024 1265 3098 tantum,

146 3114 316 3193 quantum
339 3111 468 3175 auferri
491 3115 701 3194 preceperat,
727 3111 770 3174 de
794 3131 856 3174 sua
878 3110 1049 3174 facultate
1072 3109 1134 3187 illi,
1165 3130 1267 3192 quem

146 3199 274 3264 iniuste
292 3200 524 3277 damnaverat,
549 3201 683 3264 reddat.
720 3197 820 3277 Quod
836 3200 865 3263 si
888 3221 959 3264 non
979 3199 1150 3275 habuerit,
1174 3200 1267 3262 unde

148 3292 329 3372 conponat,
355 3308 433 3352 oum
449 3289 512 3366 his,
539 3308 604 3370 que
620 3288 748 3352 habere
765 3288 964 3365 dinoscitur,
988 3289 1061 3372 ipse
1084 3288 1188 3352 iudex
1203 3287 1265 3366 illi,

116 3427 122 3440 .
150 3378 203 3440 oui
227 3397 420 3460 conponere
445 3377 575 3454 debuit,
607 3377 784 3441 subiaceat
814 3378 1011 3441 serviturus.
1060 3376 1121 3440 Sin
1150 3379 1268 3440 autem

150 3485 207 3548 per
239 3467 473 3548 ignorantiam
507 3467 634 3530 iniuste
669 3466 873 3529 iudicaverit
908 3469 943 3530 et
979 3465 1201 3529 sacramentis
1231 3484 1267 3529 se

150 3555 299 3636 potuerit
315 3574 486 3633 excusare,
505 3556 596 3636 quod
611 3575 683 3618 non
699 3574 759 3638 per
775 3555 964 3618 amicitiam
979 3554 1035 3618 vel
1052 3555 1262 3638 cupiditate⁰

151 3647 209 3705 aut
224 3664 284 3727 per
300 3645 517 3707 commodum
534 3643 700 3727 quolibet,
725 3644 785 3708 sed
808 3637 1049 3706 tantumdem(¹
1069 3643 1268 3726 ignoranter

151 3730 213 3795 hoc
227 3732 365 3796 feeerit:
391 3734 483 3814 quod
499 3731 667 3797 iudicabit
683 3753 753 3795 non
769 3731 895 3809 valeat,
920 3735 955 3796 et
979 3732 1052 3814 ipse
1075 3732 1179 3796 iudex
1196 3752 1267 3795 non

152 3818 332 3903 inplicetur
354 3821 392 3884 iu
416 3821 552 3906 eulpae.

251 3993 355 4042 filegem
370 3998 393 4034 et
407 3991 515 4033 iudicium
529 3994 575 4036 ΕΙ.
625 3995 647 4042 g)
662 3994 718 4032 deest
732 3994 779 4036 Rl.
829 3992 852 4039 h)
866 3995 1008 4032 reservatum
1021 3993 1073 4042 1215
1089 3996 1205 4031 reservata
1219 3993 1267 4034 122.

152 4043 270 4094 precipiet
283 4048 330 4089 ΕΙ,
399 4047 423 4095 k)
437 4045 593 4086 dilatationem
607 4047 656 4088 ΒΞ.
731 4047 746 4094 1)
761 4046 857 4095 petitum
871 4047 920 4088 ΕΙ.
995 4047 1025 4094 m)
1039 4049 1204 4086 sacramentum
1219 4046 1267 4087 ΕΙ.

154 4098 175 4144 ιι)
183 4099 240 4138 nulla
249 4100 395 4149 malignitatis
406 4101 523 4139 obtentum
532 4111 561 4139 ne
571 4101 672 4150 quolibet
682 4100 758 4139 labore
765 4111 809 4148 pro
819 4100 880 4138 nullo
890 4121 916 4128 -
926 4099 1005 4139 favore
1014 4100 1035 4138 R
1042 4100 1061 4141 1,
1098 4100 1120 4146 0)
1130 4099 1212 4138 colibet
1221 4099 1267 4140 Rs.

154 4151 175 4197 p)
187 4150 245 4192 Idem
259 4155 305 4196 Bl.
361 4154 384 4201 q)
398 4150 532 4193 dilatatione
547 4154 596 4197 122.

250 4207 346 4249 XVIIII.
387 4208 409 4255 a)
427 4209 484 4245 deest
501 4207 550 4249 Ra.
618 4207 641 4254 b)
659 4205 757 4245 ablatam
776 4205 809 4245 rel
827 4205 930 4254 simplam
950 4203 1165 4254 redintegrationem
1180 4209 1203 4245 et
1218 4205 1267 4248 Rs.

156 4258 173 4303 e)
185 4258 327 4308 cupiditatem
340 4263 381 4299 aut
395 4261 415 4298 R
424 4261 444 4310 2,
459 4261 497 4298 uhi
510 4270 551 4310 per
564 4261 628 4302 deest,
682 4258 706 4306 d)
720 4263 808 4299 tantum
822 4260 842 4296 R
851 4259 870 4301 2.
925 4261 946 4306 0)
963 4259 1051 4307 culpam
1065 4259 1085 4297 R
1095 4259 1114 4301 f.

157 4379 179 4445 1)
195 4383 232 4448 Of.
250 4385 282 4438 L.
296 4385 373 4439 Rom.
389 4385 443 4438 Vis.
458 4383 485 4438 0.
503 4384 552 4439 Th.
572 4384 595 4449 I,
610 4386 635 4438 7.
708 4384 735 4450 2)
753 4384 798 4435 Ad
816 4383 965 4450 exemplum
983 4382 1065 4434 huius
1084 4384 1149 4448 lepis
1166 4384 1268 4449 scripta

155 4459 188 4502 eat
209 4455 239 4510 L.
259 4456 355 4510 Baiuo.
381 4457 407 4520 2,
429 4457 534 4511 17.18.
573 4455 614 4520 Of.
632 4457 713 4508 etiam
733 4455 798 4510 con.
818 4456 890 4506 turta
908 4454 1163 4506 Boream-Gothia
1185 4469 1206 4508 e.
1224 4457 1265 4518 10,

159 4522 287 4578 Garmai
301 4545 330 4594 p.
343 4528 405 4582 203.

1018 4628 1052 4683 4*
