3264 5206
309 548 362 602 152
510 541 588 598 Lex
606 540 721 599 VISIG.
739 539 1008 598 nnccnssvmn.
1045 540 1081 609 V,
1100 543 1126 608 4,
1144 543 1224 598 4-8.

308 727 537 794 coustitutum
566 748 636 791 non
663 726 851 791 occurrerit
877 726 980 802 diem,
1011 743 1114 808 quem
1135 723 1285 789 voluerit
1308 743 1370 807 pro
1394 742 1431 788 se

309 818 446 900 diriget,
470 815 530 898 qui
552 815 701 899 pretium
722 816 878 899 tempore
894 814 1038 879 definito
1060 811 1293 898 perconplect.
1328 810 1431 890 Quod

309 907 338 970 si
361 905 550 970 constituto
574 904 630 968 die
652 923 715 968 nec
739 903 812 987 ipse
835 903 1046 980 successerit,
1070 920 1135 966 nec
1150 921 1212 986 pro
1228 920 1265 966 se
1281 900 1430 985 dirigere

307 993 466 1070 voluerit,
496 1011 589 1056 erras
611 992 853 1056 tantummodo
876 991 1031 1076 recipiat,
1062 1011 1148 1073 quas
1176 989 1282 1068 dedit,
1312 993 1347 1054 et
1374 1008 1429 1053 res

309 1083 453 1148 definito
473 1101 545 1145 non
566 1080 691 1146 valent.

725 1252 761 1310 v.
792 1250 1010 1321 mumma.

482 1363 526 1428 Si
555 1384 655 1449 pars
685 1363 823 1448 pretii
853 1364 956 1428 dcta
984 1384 1068 1427 non
1097 1361 1249 1427 fuerit.

152 1479 177 1497 ²
188 1463 298 1560 ὼξρξω·
415 1470 452 1535 Si
475 1491 553 1555 pars
574 1471 678 1554 pretii
693 1470 777 1534 data
792 1473 845 1535 est
861 1473 896 1534 et
911 1490 990 1553 pars
1006 1470 1182 1554 promisse,
1202 1490 1273 1533 non
1288 1471 1431 1552 propter

308 1561 374 1625 hoc
396 1559 547 1624 vindicio
570 1558 666 1623 fecte
687 1562 885 1644 rumpetur;
918 1559 978 1623 sed
1002 1559 1031 1621 si
1054 1561 1165 1623 emtor
1192 1558 1237 1622 nd
1261 1556 1431 1641 placitum

307 1652 444 1733 tempus
478 1668 549 1712 non
578 1647 749 1712 exibuerit
783 1647 887 1731 pretii
919 1647 1089 1730 reliquam
1121 1647 1330 1730 portionem,
1365 1665 1428 1729 pro

308 1738 412 1821 pretii
427 1729 595 1821 pmtemb,
620 1756 724 1820 quam
740 1735 854 1813 debet,
878 1734 990 1801 solvet
1005 1756 1141 1813 usures;
1165 1735 1233 1798 nisi
1256 1736 1321 1799 hoo
1337 1734 1429 1798 forte

308 1826 515 1902 convenerit,
539 1827 656 1890 utres
680 1827 773 1889 emte
795 1824 968 1890 venditori
991 1823 1116 1891 debeat
1138 1823 1330 1888 reformari.

405 2012 457 2070 VI.
487 2011 656 2069 PLAVIUS
676 2011 891 2069 GLORIOSUS
910 2011 1220 2069 Rnocnssvmnns
1238 2010 1327 2068 REX.

452 2124 496 2189 Si
517 2124 641 2190 fucus
663 2126 707 2188 in
730 2126 875 2210 pretio
897 2126 962 2190 rei
983 2126 1164 2190 vendite
1186 2125 1282 2188 fiat.

414 2231 452 2296 Si
479 2231 517 2294 in
543 2235 725 2296 contractu
751 2232 954 2296 vinditionis
983 2232 1097 2295 minus
1127 2231 1276 2315 pretinm
1306 2231 1428 2294 datum

306 2320 453 2398 fuerim,
484 2323 520 2383 et
549 2339 611 2404 per
639 2320 799 2385 iraudem
828 2324 890 2385 cut
920 2321 1025 2386 etiem
1052 2322 1174 2384 contro
1200 2318 1428 2384 volumtatem

306 2401 508 2474 vendentisb
528 2408 677 2492 amplius
693 2410 814 2474 dutum
829 2409 1001 2493 pretiuma
1020 2408 1203 2473 nuntietur
1213 2407 1234 2485 1,
1258 2411 1427 2491 quantum

308 2498 351 2562 de
379 2498 471 2562 iusto
501 2497 612 2581 pretio
642 2498 844 2562 fraudatum
874 2501 940 2575 est,
973 2501 1112 2562 tantum
1142 2496 1287 2580 duplum
1317 2499 1428 2561 emtor

306 2586 469 2650 restituat
491 2586 698 2651 venditori⁰.

705 2725 773 2813 vn.
803 2755 1017 2826 Announa.

307 2869 351 2932 Si
374 2870 494 2934 dicat
517 2869 629 2951 quis,
653 2888 740 2934 rem
763 2889 880 2934 suam
899 2869 982 2934 vili
1001 2869 1147 2953 pretio
1166 2868 1426 2934 vindidisse.

150 2969 297 3065 =⁶⁰g¹ffl⁴r=
413 2975 625 3039 vinditionis
640 2976 704 3040 heo
719 2975 833 3040 forma
847 2979 1011 3052 servetur,
1034 2979 1076 3038 ut
1099 2995 1160 3040 seu
1182 2995 1237 3040 res
1257 2968 1425 3059 aliquesb,

305 3063 381 3128 vel⁰
401 3067 510 3128 terras
534 3068 614 3130 seu⁰
635 3064 807 3148 mancipia
821 3063 877 3128 vel
893 3063 1072 3146 quodlibet
1095 3063 1298 3128 animalium
1317 3083 1426 3148 genus

305 3152 476 3230 venditur,
506 3173 607 3216 nemo
638 3155 821 3236 propterea
850 3152 1050 3217 firmitatem
1071 3153 1274 3216 vinditionis
1301 3153 1427 3216 inrum·

305 3243 376 3324 pat,
401 3261 441 3305 eo
465 3241 556 3322 quod
580 3241 683 3319 dicut,
707 3261 780 3306 rem
803 3260 901 3304 suum
923 3241 985 3306 vili
1008 3242 1120 3326 pretio
1142 3241 1340 3306 vindidisse.

700 3410 784 3468 vm
814 3410 1028 3481 ANTIQUAa.

329 3524 388 3588 De
418 3523 502 3600 his,
534 3523 607 3604 qui
636 3523 784 3588 alienu
810 3525 998 3589 vendere
1026 3523 1094 3589 vel
1123 3525 1286 3590 doncro
1314 3544 1404 3609 pre-

739 3613 986 3677 sumserint.

150 3712 296 3807 ²⁶⁰559¹f³⁴r¹
414 3715 580 3795 Quotiens
606 3719 649 3783 de
671 3718 813 3783 vendita
834 3718 890 3784 vel
914 3720 1043 3784 donata
1068 3739 1105 3784 re
1134 3719 1311 3784 contentio
1339 3738 1427 3784 oom-

306 3809 471 3884 movetur,
507 3806 544 3868 id
574 3809 639 3884 est,
676 3807 705 3870 si
735 3807 884 3872 alienam
913 3806 1060 3872 fortasse
1089 3828 1163 3873 rem
1192 3808 1340 3873 vendere
1369 3808 1427 3873 vel

211 3963 212 3966 ,
307 3895 434 3958 donare
457 3913 705 3977 quemcumque
729 3895 933 3973 constiterit,
962 3895 1099 3960 nullum
1127 3897 1251 3961 emtori
1278 3897 1427 3980 preiudi·

412 4084 438 4126 V.
479 4087 501 4133 a)
515 4085 572 4123 deret
585 4085 634 4127 122.
688 4084 712 4133 b)
725 4090 790 4134 perte
804 4086 853 4128 122.

411 4137 450 4180 vl.
491 4138 596 4187 e)fuorit
610 4139 747 4187 -pretium
761 4140 804 4181 dec.
818 4139 867 4180 ΒΞ.
920 4138 943 4187 b)
957 4136 1083 4179 venditoris
1097 4140 1146 4183 122.
1201 4141 1222 4187 c)
1236 4139 1317 4179 emtori
1330 4139 1378 4181 121.

411 4191 462 4232 VH.
503 4191 657 4239 adeam.
739 4191 1078 4243 b)itoR2.E1;alissR1.
1159 4193 1353 4243 c)r'taBl.1rl;
1376 4192 1428 4232 sive

306 4247 380 4284 terreo
394 4244 432 4283 vel
445 4244 493 4286 122.

411 4297 474 4340 VIIL
514 4296 537 4348 u)
551 4297 608 4336 deest
621 4298 670 4340 Bt.

306 4437 332 4504 1)
343 4438 438 4503 Leqem
449 4445 566 4506 spectare
577 4438 614 4489 od
625 4439 798 4492 conditionem
807 4455 857 4507 per
865 4447 1069 4506 procuratorem
1080 4456 1184 4493 cerrum
1197 4441 1306 4507 foetam,
1322 4443 1428 4494 messuit

304 4510 336 4565 F.
356 4509 447 4576 Dalm,
466 4511 475 4538 ‘
480 4510 574 4576 Wectq.
587 4509 674 4565 stud!
690 4527 718 4578 p.
734 4512 793 4566 103.
822 4511 863 4574 Cf.
883 4517 971 4562 autem
989 4511 1101 4564 Ratohis
1118 4513 1182 4578 Leo.
1200 4529 1221 4567 c.
1240 4513 1265 4566 8.
