3218 5202
510 1387 589 1461 DE
628 1386 876 1461 ORDINE
916 1385 1295 1460 CONIUGALI.

627 1610 837 1720 LIBER
874 1607 1191 1721 TERTIUS.

350 1864 380 1927 Ι.
399 1861 613 1927 TITULUS:
646 1862 708 1925 DE
737 1861 1147 1927 DISPOSITIONIBUS
1174 1861 1470 1926 NUPTIARUM.

443 2003 473 2067 Ι.
508 2003 558 2068 Ut
587 2006 660 2067 tem
691 2001 781 2068 Goto
804 2004 973 2080 Romanu,
1004 2023 1107 2086 quam
1136 2003 1291 2066 Romano
1316 2000 1465 2067 Gotain²
1601 2035 1603 2042 ⁴

509 2093 728 2156 matrimonio
751 2092 856 2156 liceat
879 2092 1012 2156 sociari.

423 2179 473 2244 II.
509 2179 546 2244 si
569 2181 687 2265 puella
702 2183 823 2245 contra
837 2171 1085 2244 volumtatemb
1104 2179 1213 2263 patris
1237 2180 1305 2244 alio
1320 2179 1468 2257 nubut⁰‚

510 2290 588 2333 oum
611 2269 657 2332 sit
680 2269 781 2334 alten'
805 2268 1014 2353 disponsata.

403 2356 474 2420 III.
509 2357 563 2422 De
585 2379 655 2421 non
677 2358 877 2423 revocandis
901 2357 992 2421 datis
1016 2359 1112 2421 orris.

383 2446 474 2509 IIII.
509 2445 563 2510 Ne
585 2446 667 2510 viris
697 2446 838 2509 minoris
869 2446 971 2510 etatis
1000 2447 1146 2511 maiores
1175 2446 1304 2511 femine
1334 2445 1471 2530 dispon-

510 2538 639 2598 sentur.

431 2622 473 2686 V.
508 2623 561 2687 De
584 2623 780 2706 quantitate
803 2643 918 2686 rerum
941 2623 1185 2688 conscribende
1209 2623 1310 2686 dotis.

411 2710 473 2774 VI.
508 2711 558 2775 Ut
582 2712 698 2776 dotem
721 2711 836 2795 puelle
860 2715 959 2794 pater
982 2712 1098 2795 exigat
1121 2714 1157 2776 et
1180 2714 1368 2776 conservet.

391 2799 473 2863 VII.
509 2799 558 2863 Ut
581 2803 680 2884 putre
703 2803 839 2863 mortuo
869 2800 1047 2882 utriusque
1072 2820 1171 2864 sexus
1194 2799 1363 2864 filiorumc
1393 2819 1471 2863 con-

508 2889 662 2952 iunctio⁸
688 2888 725 2950 in
747 2888 868 2951 metris
891 2891 1063 2972 potestate
1087 2889 1262 2952 consistat.

372 2976 475 3040 VIII.
512 2976 549 3041 Si
563 2977 689 3041 fratres
711 2977 851 3061 nuptias
867 2976 982 3060 puelle
999 2977 1197 3054 differant³,
1222 2979 1283 3040 aut
1307 2976 1336 3040 si
1351 2975 1472 3059 puella

509 3065 671 3148 inpudice
695 3065 834 3148 nuptias
858 3068 1043 3148 presumat.

352 3153 473 3219 VIIII.
509 3152 558 3216 Ut
574 3153 617 3218 de
633 3153 904 3236 quibuscumque
920 3154 1021 3217 rebus
1038 3154 1099 3217 dos
1115 3153 1309 3237 conscripta
1324 3147 1469 3230 sacred,

510 3242 710 3306 firmitatem
733 3241 900 3325 optineat.

1499 3375 1525 3412 a.

777 3427 799 3484 1.
833 3427 1041 3499 sunonis

353 3540 406 3604 Ut
433 3543 521 3603 tam
548 3534 679 3605 Gotob
706 3541 928 3619 Romana⁰‚
957 3562 1080 3624 quom
1102 3542 1291 3606 Romano
1315 3539 1472 3606 Gotnm

570 3629 850 3693 matrimonio
880 3630 1018 3695 licent
1048 3625 1248 3694 sociarid.

458 3732 614 3799 Sollicita
648 3756 730 3799 cura
763 3735 800 3799 in
830 3736 1021 3819 principem
1050 3757 1123 3800 esse
1154 3736 1353 3811 dinoscitur,
1390 3757 1470 3800 cum

351 3842 413 3907 pro
442 3823 570 3887 futmis
600 3823 837 3889 hutilitatibus
868 3824 1034 3889 beneficia
1065 3824 1194 3909 populo
1224 3825 1468 3908 providentur;

350 3931 414 3976 nec
438 3932 561 3995 parum
583 3911 738 3976 exultare
762 3913 866 3976 debet
889 3912 1032 3977 libertas
1054 3913 1219 3997 ingenita,
1245 3934 1323 3977 oum
1338 3914 1470 3978 tractes

350 3999 439 4064 vires
462 4000 625 4065 habuerit
647 4001 758 4084 prisce
781 4000 890 4084 legis¹
913 4001 1044 4065 abolita
1060 4002 1240 4079 sententio,
1265 4021 1331 4084 que
1354 4002 1470 4065 incon·

458 4189 524 4231 LIB.
538 4189 588 4232 111.
615 4189 672 4232 TIT.
686 4190 704 4233 1.
744 4192 766 4239 a)
780 4191 865 4240 reliqua
878 4191 1046 4240 nuncupare
1059 4192 1116 4230 deest
1130 4191 1179 4234 122.
1246 4189 1270 4242 b)
1283 4191 1408 4231 volumtate
1423 4192 1471 4235 ΕΙ.

351 4243 372 4290 c)
386 4252 405 4285 c.
419 4242 434 4285 s.
448 4242 495 4285 Bl.
549 4240 572 4291 d)
586 4242 672 4282 fuerint
686 4243 792 4282 firmitate
807 4244 890 4284 habeat
903 4244 952 4286 122.
1354 4281 1356 4284 .

457 4295 475 4337 1.
515 4297 538 4343 c)
551 4297 584 4334 ita
597 4297 644 4339 121.
654 4297 672 4339 2.
686 4296 736 4348 Vt3
757 4298 803 4335 cine
816 4298 956 4345 inscriptions
969 4297 1016 4340 El.
1026 4298 1045 4340 t.
1115 4297 1138 4346 b)
1153 4297 1223 4338 (ἔσται
1237 4297 1287 4340 122.
1355 4297 1471 4346 ememu-

351 4359 403 4388 nam
416 4348 465 4392 ΒΞ.
519 4347 543 4396 d)
556 4349 643 4390 sociare
657 4349 707 4392 ΒΞ.

352 4491 379 4558 1)
395 4490 446 4543 Eu
463 4489 497 4545 L.
516 4491 592 4545 Rom,
610 4492 665 4546 Vis.
685 4491 713 4547 0.
728 4490 778 4546 Th.
797 4490 948 4557 III,14,1.
