<?xml version="1.0" encoding="UTF-8"?>
<!DOCTYPE html PUBLIC "-//W3C//DTD XHTML 1.0 Transitional//EN"
    "http://www.w3.org/TR/xhtml1/DTD/xhtml1-transitional.dtd">
<html xmlns="http://www.w3.org/1999/xhtml" xml:lang="en" lang="en">
 <head>
  <title>
</title>
<meta http-equiv="Content-Type" content="text/html;charset=utf-8" />
  <meta name='ocr-system' content='tesseract 3.04.00' />
  <meta name='ocr-capabilities' content='ocr_page ocr_carea ocr_par ocr_line ocrx_word'/>
</head>
<body>
  <div class='ocr_page' id='page_1' title='image "./legesvisigothor00gaudgoog_0240.png"; bbox 0 0 3264 5206; ppageno 0'>
   <div class='ocr_carea' id='block_1_1' title="bbox 313 528 1248 598">
    <p class='ocr_par' dir='ltr' id='par_1_1' title="bbox 313 528 1248 598">
     <span class='ocr_line' id='line_1_1' title="bbox 313 528 1248 598; baseline -0.001 -12"><span class='ocrx_word' id='word_1_1' title='bbox 313 532 366 586; x_wconf 79' lang='lat'><strong>208</strong></span> <span class='ocrx_word' id='word_1_2' title='bbox 502 528 581 583; x_wconf 76' lang='lat' dir='ltr'><strong>Lux</strong></span> <span class='ocrx_word' id='word_1_3' title='bbox 598 529 713 584; x_wconf 83' lang='lat' dir='ltr'><strong>VISIG.</strong></span> <span class='ocrx_word' id='word_1_4' title='bbox 732 529 1001 586; x_wconf 81' lang='lat' dir='ltr'><strong>REOOESSVIND.</strong></span> <span class='ocrx_word' id='word_1_5' title='bbox 1038 529 1106 597; x_wconf 89' lang='lat' dir='ltr'><strong>VH,</strong></span> <span class='ocrx_word' id='word_1_6' title='bbox 1124 533 1150 598; x_wconf 82' lang='lat'><strong>2,</strong></span> <span class='ocrx_word' id='word_1_7' title='bbox 1169 532 1248 586; x_wconf 81' lang='lat'><strong>5-8.</strong></span> 
     </span>
    </p>
   </div>
   <div class='ocr_carea' id='block_1_2' title="bbox 312 711 1443 1062">
    <p class='ocr_par' dir='ltr' id='par_1_2' title="bbox 312 711 1443 1062">
     <span class='ocr_line' id='line_1_2' title="bbox 313 711 1443 794; baseline 0.002 -20"><span class='ocrx_word' id='word_1_8' title='bbox 313 712 426 788; x_wconf 78' lang='lat' dir='ltr'><strong>ierit⁰‚</strong></span> <span class='ocrx_word' id='word_1_9' title='bbox 462 711 552 774; x_wconf 90' lang='lat' dir='ltr'><strong>hanc</strong></span> <span class='ocrx_word' id='word_1_10' title='bbox 584 711 855 794; x_wconf 77' lang='lat' dir='ltr'><strong>conpositionem</strong></span> <span class='ocrx_word' id='word_1_11' title='bbox 884 733 954 776; x_wconf 91' lang='lat' dir='ltr'><strong>non</strong></span> <span class='ocrx_word' id='word_1_12' title='bbox 985 733 1134 790; x_wconf 81' lang='lat' dir='ltr'><strong>servum,</strong></span> <span class='ocrx_word' id='word_1_13' title='bbox 1167 713 1227 776; x_wconf 89' lang='lat' dir='ltr'><strong>sed</strong></span> <span class='ocrx_word' id='word_1_14' title='bbox 1258 713 1443 776; x_wconf 91' lang='lat' dir='ltr'><strong>dominum</strong></span> 
     </span>
     <span class='ocr_line' id='line_1_3' title="bbox 313 796 1441 884; baseline 0.004 -22"><span class='ocrx_word' id='word_1_15' title='bbox 313 799 456 883; x_wconf 91' lang='lat' dir='ltr'><strong>implere</strong></span> <span class='ocrx_word' id='word_1_16' title='bbox 486 799 659 876; x_wconf 90' lang='lat' dir='ltr'><strong>iubemus;</strong></span> <span class='ocrx_word' id='word_1_17' title='bbox 690 800 741 863; x_wconf 89' lang='lat' dir='ltr'><strong>ita</strong></span> <span class='ocrx_word' id='word_1_18' title='bbox 769 803 898 877; x_wconf 84' lang='lat' dir='ltr'><strong>tamen,</strong></span> <span class='ocrx_word' id='word_1_19' title='bbox 929 805 970 864; x_wconf 91' lang='lat' dir='ltr'><strong>ut</strong></span> <span class='ocrx_word' id='word_1_20' title='bbox 1001 796 1181 865; x_wconf 80' lang='lat' dir='ltr'><strong>dominus‘¹</strong></span> <span class='ocrx_word' id='word_1_21' title='bbox 1214 802 1311 865; x_wconf 84' lang='lat' dir='ltr'><strong>iuxta</strong></span> <span class='ocrx_word' id='word_1_22' title='bbox 1341 800 1441 884; x_wconf 84' lang='lat' dir='ltr'><strong>leges</strong></span> 
     </span>
     <span class='ocr_line' id='line_1_4' title="bbox 313 884 1441 972; baseline 0.001 -20"><span class='ocrx_word' id='word_1_23' title='bbox 313 887 504 972; x_wconf 81' lang='lat' dir='ltr'><strong>cflagellis</strong></span> <span class='ocrx_word' id='word_1_24' title='bbox 528 884 666 971; x_wconf 90' lang='lat' dir='ltr'><strong>publice</strong></span> <span class='ocrx_word' id='word_1_25' title='bbox 689 889 912 971; x_wconf 61' lang='lat' dir='ltr'><strong>firstigeturfl.</strong></span> <span class='ocrx_word' id='word_1_26' title='bbox 960 889 1084 953; x_wconf 80' lang='lat' dir='ltr'><strong>Servus</strong></span> <span class='ocrx_word' id='word_1_27' title='bbox 1115 892 1231 953; x_wconf 86' lang='lat' dir='ltr'><strong>autem</strong></span> <span class='ocrx_word' id='word_1_28' title='bbox 1261 891 1339 954; x_wconf 92' lang='lat' dir='ltr'><strong>ideo</strong></span> <span class='ocrx_word' id='word_1_29' title='bbox 1369 891 1441 954; x_wconf 87' lang='lat' dir='ltr'><strong>erit</strong></span> 
     </span>
     <span class='ocr_line' id='line_1_5' title="bbox 312 972 1304 1062; baseline 0 -22"><span class='ocrx_word' id='word_1_30' title='bbox 312 976 494 1052; x_wconf 89' lang='lat' dir='ltr'><strong>indemnis,</strong></span> <span class='ocrx_word' id='word_1_31' title='bbox 519 977 600 1059; x_wconf 89' lang='lat' dir='ltr'><strong>quia</strong></span> <span class='ocrx_word' id='word_1_32' title='bbox 623 977 753 1040; x_wconf 94' lang='lat' dir='ltr'><strong>domini</strong></span> <span class='ocrx_word' id='word_1_33' title='bbox 776 977 927 1042; x_wconf 86' lang='lat' dir='ltr'><strong>iubentis</strong></span> <span class='ocrx_word' id='word_1_34' title='bbox 951 972 1127 1043; x_wconf 81' lang='lat' dir='ltr'><strong>obedibitf</strong></span> <span class='ocrx_word' id='word_1_35' title='bbox 1154 979 1304 1062; x_wconf 90' lang='lat' dir='ltr'><strong>inperiis.</strong></span> 
     </span>
    </p>
   </div>
   <div class='ocr_carea' id='block_1_3' title="bbox 726 1147 1020 1217">
    <p class='ocr_par' dir='ltr' id='par_1_3' title="bbox 726 1147 1020 1217">
     <span class='ocr_line' id='line_1_6' title="bbox 726 1147 1020 1217; baseline 0 -13"><span class='ocrx_word' id='word_1_36' title='bbox 726 1147 777 1204; x_wconf 79' lang='lat' dir='ltr'><strong>vr.</strong></span> <span class='ocrx_word' id='word_1_37' title='bbox 809 1147 1020 1217; x_wconf 64' lang='lat' dir='ltr'><strong>ANTIQUAa</strong></span> 
     </span>
    </p>
   </div>
   <div class='ocr_carea' id='block_1_4' title="bbox 365 1254 1383 1413">
    <p class='ocr_par' dir='ltr' id='par_1_4' title="bbox 365 1254 1383 1413">
     <span class='ocr_line' id='line_1_7' title="bbox 365 1254 1383 1325; baseline 0.002 -2"><span class='ocrx_word' id='word_1_38' title='bbox 365 1260 408 1323; x_wconf 79' lang='lat' dir='ltr'><strong>Si</strong></span> <span class='ocrx_word' id='word_1_39' title='bbox 442 1279 592 1324; x_wconf 87' lang='lat' dir='ltr'><strong>servus</strong></span> <span class='ocrx_word' id='word_1_40' title='bbox 627 1260 799 1324; x_wconf 88' lang='lat' dir='ltr'><strong>alienus</strong></span> <span class='ocrx_word' id='word_1_41' title='bbox 834 1254 1073 1325; x_wconf 82' lang='lat' dir='ltr'><strong>suadaturb</strong></span> <span class='ocrx_word' id='word_1_42' title='bbox 1117 1263 1168 1325; x_wconf 90' lang='lat' dir='ltr'><strong>ad</strong></span> <span class='ocrx_word' id='word_1_43' title='bbox 1201 1260 1383 1325; x_wconf 86' lang='lat' dir='ltr'><strong>inlicita</strong></span> 
     </span>
     <span class='ocr_line' id='line_1_8' title="bbox 761 1350 979 1413; baseline 0.005 -1"><span class='ocrx_word' id='word_1_44' title='bbox 761 1350 979 1413; x_wconf 78' lang='lat' dir='ltr'><strong>facienda.</strong></span> 
     </span>
    </p>
   </div>
   <div class='ocr_carea' id='block_1_5' title="bbox 312 1455 1436 2781">
    <p class='ocr_par' dir='ltr' id='par_1_5' title="bbox 312 1455 1436 2781">
     <span class='ocr_line' id='line_1_9' title="bbox 420 1455 1436 1539; baseline 0.001 -21"><span class='ocrx_word' id='word_1_45' title='bbox 420 1455 577 1539; x_wconf 79' lang='lat' dir='ltr'><strong>Si1quis</strong></span> <span class='ocrx_word' id='word_1_46' title='bbox 602 1475 736 1520; x_wconf 84' lang='lat' dir='ltr'><strong>servum</strong></span> <span class='ocrx_word' id='word_1_47' title='bbox 760 1456 911 1520; x_wconf 87' lang='lat' dir='ltr'><strong>alienum</strong></span> <span class='ocrx_word' id='word_1_48' title='bbox 936 1457 980 1519; x_wconf 89' lang='lat' dir='ltr'><strong>ad</strong></span> <span class='ocrx_word' id='word_1_49' title='bbox 1002 1456 1136 1519; x_wconf 76' lang='lat' dir='ltr'><strong>lurtum</strong></span> <span class='ocrx_word' id='word_1_50' title='bbox 1151 1456 1350 1520; x_wconf 81' lang='lat' dir='ltr'><strong>faciendum</strong></span> <span class='ocrx_word' id='word_1_51' title='bbox 1374 1459 1436 1520; x_wconf 87' lang='lat' dir='ltr'><strong>aut</strong></span> 
     </span>
     <span class='ocr_line' id='line_1_10' title="bbox 313 1545 1436 1628; baseline -0.001 -20"><span class='ocrx_word' id='word_1_52' title='bbox 313 1545 398 1608; x_wconf 87' lang='lat' dir='ltr'><strong>alias</strong></span> <span class='ocrx_word' id='word_1_53' title='bbox 429 1563 660 1628; x_wconf 88' lang='lat' dir='ltr'><strong>quascumque</strong></span> <span class='ocrx_word' id='word_1_54' title='bbox 690 1564 744 1608; x_wconf 89' lang='lat' dir='ltr'><strong>res</strong></span> <span class='ocrx_word' id='word_1_55' title='bbox 774 1545 925 1608; x_wconf 86' lang='lat' dir='ltr'><strong>inlicitas</strong></span> <span class='ocrx_word' id='word_1_56' title='bbox 957 1545 1210 1609; x_wconf 85' lang='lat' dir='ltr'><strong>conmittendas</strong></span> <span class='ocrx_word' id='word_1_57' title='bbox 1239 1545 1295 1609; x_wconf 87' lang='lat' dir='ltr'><strong>vel</strong></span> <span class='ocrx_word' id='word_1_58' title='bbox 1329 1545 1436 1608; x_wconf 88' lang='lat' dir='ltr'><strong>etiam</strong></span> 
     </span>
     <span class='ocr_line' id='line_1_11' title="bbox 313 1632 1435 1717; baseline 0.001 -20"><span class='ocrx_word' id='word_1_59' title='bbox 313 1634 475 1698; x_wconf 89' lang='lat' dir='ltr'><strong>adversus</strong></span> <span class='ocrx_word' id='word_1_60' title='bbox 506 1634 678 1716; x_wconf 89' lang='lat' dir='ltr'><strong>seipsum</strong></span> <span class='ocrx_word' id='word_1_61' title='bbox 707 1632 855 1697; x_wconf 84' lang='lat' dir='ltr'><strong>fortasse</strong></span> <span class='ocrx_word' id='word_1_62' title='bbox 885 1634 1102 1717; x_wconf 75' lang='lat' dir='ltr'>persuaserit,</span> <span class='ocrx_word' id='word_1_63' title='bbox 1134 1636 1174 1695; x_wconf 85' lang='lat' dir='ltr'><strong>ut</strong></span> <span class='ocrx_word' id='word_1_64' title='bbox 1198 1634 1336 1697; x_wconf 92' lang='lat' dir='ltr'><strong>domino</strong></span> <span class='ocrx_word' id='word_1_65' title='bbox 1361 1635 1435 1698; x_wconf 91' lang='lat' dir='ltr'><strong>eius</strong></span> 
     </span>
     <span class='ocr_line' id='line_1_12' title="bbox 312 1722 1435 1806; baseline -0.001 -20"><span class='ocrx_word' id='word_1_66' title='bbox 312 1723 542 1806; x_wconf 75' lang='lat' dir='ltr'><strong>perditionem</strong></span> <span class='ocrx_word' id='word_1_67' title='bbox 572 1722 717 1797; x_wconf 85' lang='lat' dir='ltr'><strong>exibeat,</strong></span> <span class='ocrx_word' id='word_1_68' title='bbox 751 1723 843 1804; x_wconf 93' lang='lat' dir='ltr'><strong>quod</strong></span> <span class='ocrx_word' id='word_1_69' title='bbox 873 1722 1011 1786; x_wconf 82' lang='lat' dir='ltr'><strong>facilius</strong></span> <span class='ocrx_word' id='word_1_70' title='bbox 1043 1742 1122 1786; x_wconf 90' lang='lat' dir='ltr'><strong>eum</strong></span> <span class='ocrx_word' id='word_1_71' title='bbox 1151 1742 1211 1805; x_wconf 90' lang='lat' dir='ltr'><strong>per</strong></span> <span class='ocrx_word' id='word_1_72' title='bbox 1241 1723 1368 1785; x_wconf 88' lang='lat' dir='ltr'><strong>malam</strong></span> <span class='ocrx_word' id='word_1_73' title='bbox 1398 1726 1435 1786; x_wconf 87' lang='lat' dir='ltr'><strong>et</strong></span> 
     </span>
     <span class='ocr_line' id='line_1_13' title="bbox 312 1810 1435 1894; baseline -0.001 -21"><span class='ocrx_word' id='word_1_74' title='bbox 312 1812 465 1893; x_wconf 89' lang='lat' dir='ltr'><strong>iniquam</strong></span> <span class='ocrx_word' id='word_1_75' title='bbox 495 1811 750 1894; x_wconf 80' lang='lat' dir='ltr'><strong>persuasionem</strong></span> <span class='ocrx_word' id='word_1_76' title='bbox 781 1811 825 1874; x_wconf 88' lang='lat' dir='ltr'><strong>ad</strong></span> <span class='ocrx_word' id='word_1_77' title='bbox 855 1831 955 1875; x_wconf 88' lang='lat' dir='ltr'><strong>suum</strong></span> <span class='ocrx_word' id='word_1_78' title='bbox 986 1812 1165 1874; x_wconf 88' lang='lat' dir='ltr'><strong>servitium</strong></span> <span class='ocrx_word' id='word_1_79' title='bbox 1193 1810 1435 1875; x_wconf 71' lang='lat' dir='ltr'><strong>fraudulenter</strong></span> 
     </span>
     <span class='ocr_line' id='line_1_14' title="bbox 313 1899 1435 1982; baseline 0.002 -20"><span class='ocrx_word' id='word_1_80' title='bbox 313 1899 466 1975; x_wconf 84' lang='lat' dir='ltr'><strong>addicat,</strong></span> <span class='ocrx_word' id='word_1_81' title='bbox 498 1903 534 1963; x_wconf 90' lang='lat' dir='ltr'><strong>et</strong></span> <span class='ocrx_word' id='word_1_82' title='bbox 563 1900 658 1962; x_wconf 80' lang='lat' dir='ltr'><strong>fraus</strong></span> <span class='ocrx_word' id='word_1_83' title='bbox 689 1899 764 1982; x_wconf 88' lang='lat' dir='ltr'><strong>ipsa</strong></span> <span class='ocrx_word' id='word_1_84' title='bbox 793 1899 916 1962; x_wconf 89' lang='lat' dir='ltr'><strong>iudicis</strong></span> <span class='ocrx_word' id='word_1_85' title='bbox 945 1899 1053 1963; x_wconf 77' lang='lat' dir='ltr'><strong>fuerit</strong></span> <span class='ocrx_word' id='word_1_86' title='bbox 1082 1900 1349 1982; x_wconf 78' lang='lat' dir='ltr'><strong>investigatione</strong></span> <span class='ocrx_word' id='word_1_87' title='bbox 1380 1901 1435 1964; x_wconf 92' lang='lat' dir='ltr'><strong>de-</strong></span> 
     </span>
     <span class='ocr_line' id='line_1_15' title="bbox 312 1988 1435 2072; baseline 0.003 -23"><span class='ocrx_word' id='word_1_88' title='bbox 312 1990 421 2051; x_wconf 85' lang='lat' dir='ltr'><strong>tecta:</strong></span> <span class='ocrx_word' id='word_1_89' title='bbox 455 1988 612 2051; x_wconf 89' lang='lat' dir='ltr'><strong>dominus</strong></span> <span class='ocrx_word' id='word_1_90' title='bbox 643 1988 732 2051; x_wconf 87' lang='lat' dir='ltr'><strong>servi</strong></span> <span class='ocrx_word' id='word_1_91' title='bbox 760 2008 824 2052; x_wconf 90' lang='lat' dir='ltr'><strong>nec</strong></span> <span class='ocrx_word' id='word_1_92' title='bbox 853 2008 989 2052; x_wconf 85' lang='lat' dir='ltr'><strong>servum</strong></span> <span class='ocrx_word' id='word_1_93' title='bbox 1017 1988 1140 2072; x_wconf 89' lang='lat' dir='ltr'><strong>perdat</strong></span> <span class='ocrx_word' id='word_1_94' title='bbox 1163 2008 1226 2052; x_wconf 90' lang='lat' dir='ltr'><strong>nec</strong></span> <span class='ocrx_word' id='word_1_95' title='bbox 1250 1988 1359 2051; x_wconf 93' lang='lat' dir='ltr'><strong>ullam</strong></span> <span class='ocrx_word' id='word_1_96' title='bbox 1381 2009 1435 2052; x_wconf 86' lang='lat' dir='ltr'><strong>ca·</strong></span> 
     </span>
     <span class='ocr_line' id='line_1_16' title="bbox 313 2075 1435 2160; baseline 0.002 -22"><span class='ocrx_word' id='word_1_97' title='bbox 313 2075 479 2138; x_wconf 89' lang='lat' dir='ltr'><strong>lumniam</strong></span> <span class='ocrx_word' id='word_1_98' title='bbox 502 2077 737 2158; x_wconf 78' lang='lat' dir='ltr'><strong>pertimescat3</strong></span> <span class='ocrx_word' id='word_1_99' title='bbox 770 2077 830 2141; x_wconf 87' lang='lat' dir='ltr'><strong>sed</strong></span> <span class='ocrx_word' id='word_1_100' title='bbox 860 2077 941 2160; x_wconf 83' lang='lat' dir='ltr'><strong>ipse,</strong></span> <span class='ocrx_word' id='word_1_101' title='bbox 975 2077 1071 2141; x_wconf 87' lang='lat' dir='ltr'><strong>ouius</strong></span> <span class='ocrx_word' id='word_1_102' title='bbox 1097 2076 1258 2140; x_wconf 85' lang='lat' dir='ltr'><strong>conludio</strong></span> <span class='ocrx_word' id='word_1_103' title='bbox 1282 2078 1338 2141; x_wconf 84' lang='lat' dir='ltr'><strong>vel</strong></span> <span class='ocrx_word' id='word_1_104' title='bbox 1360 2097 1435 2140; x_wconf 87' lang='lat' dir='ltr'><strong>sua·</strong></span> 
     </span>
     <span class='ocr_line' id='line_1_17' title="bbox 312 2165 1435 2248; baseline 0 -20"><span class='ocrx_word' id='word_1_105' title='bbox 312 2165 408 2228; x_wconf 89' lang='lat' dir='ltr'><strong>sione</strong></span> <span class='ocrx_word' id='word_1_106' title='bbox 432 2184 549 2228; x_wconf 86' lang='lat' dir='ltr'><strong>servus</strong></span> <span class='ocrx_word' id='word_1_107' title='bbox 573 2165 702 2228; x_wconf 82' lang='lat' dir='ltr'><strong>crimen</strong></span> <span class='ocrx_word' id='word_1_108' title='bbox 726 2166 920 2240; x_wconf 81' lang='lat' dir='ltr'><strong>admiserat,</strong></span> <span class='ocrx_word' id='word_1_109' title='bbox 944 2169 984 2228; x_wconf 89' lang='lat' dir='ltr'><strong>ut</strong></span> <span class='ocrx_word' id='word_1_110' title='bbox 1008 2185 1086 2229; x_wconf 92' lang='lat' dir='ltr'><strong>eum</strong></span> <span class='ocrx_word' id='word_1_111' title='bbox 1110 2166 1175 2229; x_wconf 89' lang='lat' dir='ltr'><strong>sibi</strong></span> <span class='ocrx_word' id='word_1_112' title='bbox 1198 2185 1259 2248; x_wconf 90' lang='lat' dir='ltr'><strong>per</strong></span> <span class='ocrx_word' id='word_1_113' title='bbox 1283 2165 1435 2248; x_wconf 80' lang='lat' dir='ltr'><strong>aliquem</strong></span> 
     </span>
     <span class='ocr_line' id='line_1_18' title="bbox 312 2254 1434 2342; baseline 0.003 -27"><span class='ocrx_word' id='word_1_114' title='bbox 312 2254 570 2342; x_wconf 78' lang='lat' dir='ltr'><strong>hoccasionem⁰</strong></span> <span class='ocrx_word' id='word_1_115' title='bbox 600 2255 643 2316; x_wconf 93' lang='lat' dir='ltr'><strong>ad</strong></span> <span class='ocrx_word' id='word_1_116' title='bbox 667 2254 844 2318; x_wconf 87' lang='lat' dir='ltr'><strong>servitium</strong></span> <span class='ocrx_word' id='word_1_117' title='bbox 867 2254 1037 2338; x_wconf 87' lang='lat' dir='ltr'><strong>potuisset</strong></span> <span class='ocrx_word' id='word_1_118' title='bbox 1060 2254 1228 2330; x_wconf 76' lang='lat' dir='ltr'><strong>addicere,</strong></span> <span class='ocrx_word' id='word_1_119' title='bbox 1258 2255 1331 2337; x_wconf 88' lang='lat' dir='ltr'><strong>ipse</strong></span> <span class='ocrx_word' id='word_1_120' title='bbox 1360 2254 1434 2318; x_wconf 89' lang='lat' dir='ltr'><strong>eins</strong></span> 
     </span>
     <span class='ocr_line' id='line_1_19' title="bbox 313 2341 1435 2425; baseline -0.001 -20"><span class='ocrx_word' id='word_1_121' title='bbox 313 2341 401 2405; x_wconf 83' lang='lat' dir='ltr'><strong>servi</strong></span> <span class='ocrx_word' id='word_1_122' title='bbox 433 2342 581 2419; x_wconf 81' lang='lat' dir='ltr'><strong>domino,</strong></span> <span class='ocrx_word' id='word_1_123' title='bbox 617 2345 786 2425; x_wconf 88' lang='lat' dir='ltr'><strong>quantum</strong></span> <span class='ocrx_word' id='word_1_124' title='bbox 820 2342 880 2406; x_wconf 91' lang='lat' dir='ltr'><strong>ille</strong></span> <span class='ocrx_word' id='word_1_125' title='bbox 914 2343 1133 2420; x_wconf 76' lang='lat' dir='ltr'><strong>involaverit,</strong></span> <span class='ocrx_word' id='word_1_126' title='bbox 1170 2346 1231 2406; x_wconf 85' lang='lat' dir='ltr'><strong>aut</strong></span> <span class='ocrx_word' id='word_1_127' title='bbox 1265 2347 1435 2425; x_wconf 86' lang='lat' dir='ltr'><strong>quantum</strong></span> 
     </span>
     <span class='ocr_line' id='line_1_20' title="bbox 314 2425 1435 2515; baseline -0.001 -21"><span class='ocrx_word' id='word_1_128' title='bbox 314 2425 541 2513; x_wconf 73' lang='lat' dir='ltr'><strong>culpavilem‘1</strong></span> <span class='ocrx_word' id='word_1_129' title='bbox 567 2450 641 2494; x_wconf 89' lang='lat' dir='ltr'><strong>rem</strong></span> <span class='ocrx_word' id='word_1_130' title='bbox 665 2432 851 2508; x_wconf 85' lang='lat' dir='ltr'><strong>admiserit,</strong></span> <span class='ocrx_word' id='word_1_131' title='bbox 883 2431 1063 2515; x_wconf 77' lang='lat' dir='ltr'><strong>septuploe</strong></span> <span class='ocrx_word' id='word_1_132' title='bbox 1092 2431 1362 2515; x_wconf 84' lang='lat' dir='ltr'><strong>conpositionem</strong></span> <span class='ocrx_word' id='word_1_133' title='bbox 1385 2431 1435 2494; x_wconf 89' lang='lat' dir='ltr'><strong>in·</strong></span> 
     </span>
     <span class='ocr_line' id='line_1_21' title="bbox 313 2519 1435 2604; baseline 0.003 -23"><span class='ocrx_word' id='word_1_134' title='bbox 313 2519 407 2603; x_wconf 92' lang='lat' dir='ltr'><strong>plere</strong></span> <span class='ocrx_word' id='word_1_135' title='bbox 432 2523 584 2602; x_wconf 82' lang='lat' dir='ltr'><strong>cogatur.</strong></span> <span class='ocrx_word' id='word_1_136' title='bbox 631 2519 711 2603; x_wconf 88' lang='lat' dir='ltr'><strong>Ipse</strong></span> <span class='ocrx_word' id='word_1_137' title='bbox 742 2523 858 2584; x_wconf 88' lang='lat' dir='ltr'><strong>autem</strong></span> <span class='ocrx_word' id='word_1_138' title='bbox 889 2540 1005 2584; x_wconf 81' lang='lat' dir='ltr'><strong>servus</strong></span> <span class='ocrx_word' id='word_1_139' title='bbox 1034 2521 1072 2583; x_wconf 91' lang='lat' dir='ltr'><strong>in</strong></span> <span class='ocrx_word' id='word_1_140' title='bbox 1101 2523 1272 2584; x_wconf 84' lang='lat' dir='ltr'><strong>conventu</strong></span> <span class='ocrx_word' id='word_1_141' title='bbox 1295 2519 1435 2604; x_wconf 90' lang='lat' dir='ltr'><strong>publice</strong></span> 
     </span>
     <span class='ocr_line' id='line_1_22' title="bbox 313 2608 1435 2692; baseline -0.001 -20"><span class='ocrx_word' id='word_1_142' title='bbox 313 2618 334 2672; x_wconf 81' lang='lat' dir='ltr'>O</span> <span class='ocrx_word' id='word_1_143' title='bbox 358 2608 497 2690; x_wconf 83' lang='lat' dir='ltr'><strong>flagella</strong></span> <span class='ocrx_word' id='word_1_144' title='bbox 525 2609 689 2692; x_wconf 86' lang='lat' dir='ltr'><strong>suscipiat</strong></span> <span class='ocrx_word' id='word_1_145' title='bbox 719 2628 781 2692; x_wconf 97' lang='lat' dir='ltr'><strong>pro</strong></span> <span class='ocrx_word' id='word_1_146' title='bbox 809 2629 859 2684; x_wconf 73' lang='lat' dir='ltr'><strong>eo,</strong></span> <span class='ocrx_word' id='word_1_147' title='bbox 888 2610 980 2691; x_wconf 94' lang='lat' dir='ltr'><strong>quod</strong></span> <span class='ocrx_word' id='word_1_148' title='bbox 1008 2609 1186 2672; x_wconf 89' lang='lat' dir='ltr'><strong>dominum</strong></span> <span class='ocrx_word' id='word_1_149' title='bbox 1210 2629 1310 2671; x_wconf 90' lang='lat' dir='ltr'><strong>suum</strong></span> <span class='ocrx_word' id='word_1_150' title='bbox 1333 2609 1435 2692; x_wconf 93' lang='lat' dir='ltr'><strong>dispi-</strong></span> 
     </span>
     <span class='ocr_line' id='line_1_23' title="bbox 314 2697 1433 2781; baseline -0.001 -20"><span class='ocrx_word' id='word_1_151' title='bbox 314 2697 406 2761; x_wconf 83' lang='lat' dir='ltr'><strong>ciens</strong></span> <span class='ocrx_word' id='word_1_152' title='bbox 435 2697 614 2761; x_wconf 88' lang='lat' dir='ltr'><strong>insidianti</strong></span> <span class='ocrx_word' id='word_1_153' title='bbox 643 2701 878 2775; x_wconf 87' lang='lat' dir='ltr'><strong>consenscrat;</strong></span> <span class='ocrx_word' id='word_1_154' title='bbox 911 2701 947 2762; x_wconf 89' lang='lat' dir='ltr'><strong>et</strong></span> <span class='ocrx_word' id='word_1_155' title='bbox 975 2698 1022 2761; x_wconf 88' lang='lat' dir='ltr'><strong>sic</strong></span> <span class='ocrx_word' id='word_1_156' title='bbox 1050 2698 1270 2781; x_wconf 87' lang='lat' dir='ltr'><strong>postmodum</strong></span> <span class='ocrx_word' id='word_1_157' title='bbox 1294 2698 1433 2761; x_wconf 90' lang='lat' dir='ltr'><strong>domino</strong></span> 
     </span>
    </p>
   </div>
   <div class='ocr_carea' id='block_1_6' title="bbox 313 2786 1024 2937">
    <p class='ocr_par' dir='ltr' id='par_1_6' title="bbox 313 2786 1024 2937">
     <span class='ocr_line' id='line_1_24' title="bbox 313 2786 573 2850; baseline -0.004 -1"><span class='ocrx_word' id='word_1_158' title='bbox 313 2806 374 2849; x_wconf 87' lang='lat' dir='ltr'><strong>suo</strong></span> <span class='ocrx_word' id='word_1_159' title='bbox 397 2786 573 2850; x_wconf 88' lang='lat' dir='ltr'><strong>reddatur.</strong></span> 
     </span>
     <span class='ocr_line' id='line_1_25' title="bbox 714 2867 1024 2937; baseline 0.003 -14"><span class='ocrx_word' id='word_1_160' title='bbox 714 2867 782 2924; x_wconf 82' lang='lat' dir='ltr'><strong>vu,</strong></span> <span class='ocrx_word' id='word_1_161' title='bbox 812 2867 1024 2937; x_wconf 76' lang='lat' dir='ltr'><strong>ANTIQUAa.</strong></span> 
     </span>
    </p>
   </div>
   <div class='ocr_carea' id='block_1_7' title="bbox 364 2979 1379 3064">
    <p class='ocr_par' dir='ltr' id='par_1_7' title="bbox 364 2979 1379 3064">
     <span class='ocr_line' id='line_1_26' title="bbox 364 2979 1379 3064; baseline -0.001 -21"><span class='ocrx_word' id='word_1_162' title='bbox 364 2979 423 3044; x_wconf 93' lang='lat' dir='ltr'><strong>De</strong></span> <span class='ocrx_word' id='word_1_163' title='bbox 454 2981 537 3058; x_wconf 82' lang='lat' dir='ltr'><strong>his,</strong></span> <span class='ocrx_word' id='word_1_164' title='bbox 570 2980 642 3064; x_wconf 92' lang='lat' dir='ltr'><strong>qui</strong></span> <span class='ocrx_word' id='word_1_165' title='bbox 673 3001 764 3044; x_wconf 88' lang='lat' dir='ltr'><strong>eum</strong></span> <span class='ocrx_word' id='word_1_166' title='bbox 794 2981 969 3044; x_wconf 81' lang='lat' dir='ltr'><strong>furibus</strong></span> <span class='ocrx_word' id='word_1_167' title='bbox 1000 2981 1168 3044; x_wconf 90' lang='lat' dir='ltr'><strong>conscii</strong></span> <span class='ocrx_word' id='word_1_168' title='bbox 1197 2981 1379 3045; x_wconf 82' lang='lat' dir='ltr'><strong>fuerint.</strong></span> 
     </span>
    </p>
   </div>
   <div class='ocr_carea' id='block_1_8' title="bbox 311 3080 1433 3417">
    <p class='ocr_par' dir='ltr' id='par_1_8' title="bbox 311 3080 1433 3417">
     <span class='ocr_line' id='line_1_27' title="bbox 418 3080 1428 3170; baseline 0 -20"><span class='ocrx_word' id='word_1_169' title='bbox 418 3087 520 3150; x_wconf 83' lang='lat' dir='ltr'><strong>Non²</strong></span> <span class='ocrx_word' id='word_1_170' title='bbox 544 3087 655 3151; x_wconf 91' lang='lat' dir='ltr'><strong>solum</strong></span> <span class='ocrx_word' id='word_1_171' title='bbox 670 3086 740 3163; x_wconf 84' lang='lat' dir='ltr'><strong>ille,</strong></span> <span class='ocrx_word' id='word_1_172' title='bbox 765 3088 825 3170; x_wconf 92' lang='lat' dir='ltr'><strong>qui</strong></span> <span class='ocrx_word' id='word_1_173' title='bbox 847 3087 981 3150; x_wconf 86' lang='lat' dir='ltr'><strong>furtum</strong></span> <span class='ocrx_word' id='word_1_174' title='bbox 996 3087 1129 3164; x_wconf 85' lang='lat' dir='ltr'><strong>fecerit,</strong></span> <span class='ocrx_word' id='word_1_175' title='bbox 1154 3087 1215 3150; x_wconf 89' lang='lat' dir='ltr'><strong>sed</strong></span> <span class='ocrx_word' id='word_1_176' title='bbox 1238 3087 1344 3151; x_wconf 89' lang='lat' dir='ltr'><strong>etiam</strong></span> <span class='ocrx_word' id='word_1_177' title='bbox 1368 3080 1428 3150; x_wconf 79' lang='lat' dir='ltr'><strong>etb</strong></span> 
     </span>
     <span class='ocr_line' id='line_1_28' title="bbox 312 3175 1432 3259; baseline 0.002 -21"><span class='ocrx_word' id='word_1_178' title='bbox 312 3176 516 3259; x_wconf 87' lang='lat' dir='ltr'><strong>quicumque</strong></span> <span class='ocrx_word' id='word_1_179' title='bbox 540 3177 695 3242; x_wconf 82' lang='lat' dir='ltr'><strong>conscius</strong></span> <span class='ocrx_word' id='word_1_180' title='bbox 719 3177 827 3239; x_wconf 78' lang='lat' dir='ltr'><strong>fuerit</strong></span> <span class='ocrx_word' id='word_1_181' title='bbox 850 3175 906 3240; x_wconf 83' lang='lat' dir='ltr'><strong>vel</strong></span> <span class='ocrx_word' id='word_1_182' title='bbox 932 3176 1020 3239; x_wconf 83' lang='lat' dir='ltr'><strong>furti</strong></span> <span class='ocrx_word' id='word_1_183' title='bbox 1048 3176 1167 3240; x_wconf 90' lang='lat' dir='ltr'><strong>ablata</strong></span> <span class='ocrx_word' id='word_1_184' title='bbox 1190 3177 1300 3240; x_wconf 88' lang='lat' dir='ltr'><strong>sciens</strong></span> <span class='ocrx_word' id='word_1_185' title='bbox 1324 3196 1432 3240; x_wconf 88' lang='lat' dir='ltr'><strong>susce·</strong></span> 
     </span>
     <span class='ocr_line' id='line_1_29' title="bbox 311 3264 1433 3348; baseline 0 -20"><span class='ocrx_word' id='word_1_186' title='bbox 311 3265 410 3348; x_wconf 89' lang='lat' dir='ltr'><strong>perit,</strong></span> <span class='ocrx_word' id='word_1_187' title='bbox 435 3266 472 3327; x_wconf 93' lang='lat' dir='ltr'><strong>in</strong></span> <span class='ocrx_word' id='word_1_188' title='bbox 494 3285 637 3329; x_wconf 92' lang='lat' dir='ltr'><strong>numero</strong></span> <span class='ocrx_word' id='word_1_189' title='bbox 660 3265 854 3328; x_wconf 84' lang='lat' dir='ltr'><strong>furantium</strong></span> <span class='ocrx_word' id='word_1_190' title='bbox 876 3265 1066 3328; x_wconf 79' lang='lat' dir='ltr'><strong>habeatur⁰</strong></span> <span class='ocrx_word' id='word_1_191' title='bbox 1092 3268 1127 3328; x_wconf 89' lang='lat' dir='ltr'><strong>et</strong></span> <span class='ocrx_word' id='word_1_192' title='bbox 1151 3264 1254 3327; x_wconf 89' lang='lat' dir='ltr'><strong>simili</strong></span> <span class='ocrx_word' id='word_1_193' title='bbox 1277 3265 1433 3328; x_wconf 83' lang='lat' dir='ltr'><strong>vindicta</strong></span> 
     </span>
     <span class='ocr_line' id='line_1_30' title="bbox 311 3353 521 3417; baseline -0.01 -1"><span class='ocrx_word' id='word_1_194' title='bbox 311 3353 521 3417; x_wconf 73' lang='lat' dir='ltr'><strong>subiaceat0.</strong></span> 
     </span>
    </p>
   </div>
   <div class='ocr_carea' id='block_1_9' title="bbox 393 3522 1341 3580">
    <p class='ocr_par' dir='ltr' id='par_1_9' title="bbox 393 3522 1341 3580">
     <span class='ocr_line' id='line_1_31' title="bbox 393 3522 1341 3580; baseline 0.002 -2"><span class='ocrx_word' id='word_1_195' title='bbox 393 3523 475 3580; x_wconf 86' lang='lat' dir='ltr'><strong>VIII.</strong></span> <span class='ocrx_word' id='word_1_196' title='bbox 506 3522 674 3578; x_wconf 81' lang='lat' dir='ltr'><strong>FLAVlUS</strong></span> <span class='ocrx_word' id='word_1_197' title='bbox 694 3522 907 3580; x_wconf 83' lang='lat' dir='ltr'><strong>GLORIOSUS</strong></span> <span class='ocrx_word' id='word_1_198' title='bbox 926 3522 1235 3580; x_wconf 82' lang='lat' dir='ltr'>REOOESSVINDUS</span> <span class='ocrx_word' id='word_1_199' title='bbox 1254 3523 1341 3580; x_wconf 78' lang='lat' dir='ltr'><strong>REX.</strong></span> 
     </span>
    </p>
   </div>
   <div class='ocr_carea' id='block_1_10' title="bbox 378 3636 1362 3720">
    <p class='ocr_par' dir='ltr' id='par_1_10' title="bbox 378 3636 1362 3720">
     <span class='ocr_line' id='line_1_32' title="bbox 378 3636 1362 3720; baseline 0.001 -22"><span class='ocrx_word' id='word_1_200' title='bbox 378 3636 422 3699; x_wconf 80' lang='lat' dir='ltr'><strong>si</strong></span> <span class='ocrx_word' id='word_1_201' title='bbox 457 3637 505 3699; x_wconf 88' lang='lat' dir='ltr'><strong>de</strong></span> <span class='ocrx_word' id='word_1_202' title='bbox 540 3636 637 3700; x_wconf 84' lang='lat' dir='ltr'><strong>fure</strong></span> <span class='ocrx_word' id='word_1_203' title='bbox 672 3637 767 3720; x_wconf 90' lang='lat' dir='ltr'><strong>quis</strong></span> <span class='ocrx_word' id='word_1_204' title='bbox 801 3637 1004 3701; x_wconf 86' lang='lat' dir='ltr'><strong>nesciens</strong></span> <span class='ocrx_word' id='word_1_205' title='bbox 1040 3637 1362 3720; x_wconf 85' lang='lat' dir='ltr'><strong>conparaverit.</strong></span> 
     </span>
    </p>
   </div>
   <div class='ocr_carea' id='block_1_11' title="bbox 310 3742 1430 3915">
    <p class='ocr_par' dir='ltr' id='par_1_11' title="bbox 310 3742 1430 3915">
     <span class='ocr_line' id='line_1_33' title="bbox 417 3742 1429 3827; baseline 0 -21"><span class='ocrx_word' id='word_1_206' title='bbox 417 3742 642 3806; x_wconf 78' lang='lat' dir='ltr'><strong>Universam³</strong></span> <span class='ocrx_word' id='word_1_207' title='bbox 664 3764 737 3808; x_wconf 92' lang='lat' dir='ltr'><strong>rem</strong></span> <span class='ocrx_word' id='word_1_208' title='bbox 759 3744 848 3807; x_wconf 94' lang='lat' dir='ltr'><strong>nulli</strong></span> <span class='ocrx_word' id='word_1_209' title='bbox 876 3744 1026 3827; x_wconf 84' lang='lat' dir='ltr'><strong>ingenuo</strong></span> <span class='ocrx_word' id='word_1_210' title='bbox 1054 3742 1159 3806; x_wconf 86' lang='lat' dir='ltr'><strong>liceat</strong></span> <span class='ocrx_word' id='word_1_211' title='bbox 1187 3744 1229 3806; x_wconf 89' lang='lat' dir='ltr'><strong>de</strong></span> <span class='ocrx_word' id='word_1_212' title='bbox 1252 3743 1429 3825; x_wconf 84' lang='lat' dir='ltr'><strong>incognito</strong></span> 
     </span>
     <span class='ocr_line' id='line_1_34' title="bbox 310 3831 1430 3915; baseline 0.001 -22"><span class='ocrx_word' id='word_1_213' title='bbox 310 3831 449 3895; x_wconf 91' lang='lat' dir='ltr'><strong>homine</strong></span> <span class='ocrx_word' id='word_1_214' title='bbox 479 3852 674 3915; x_wconf 79' lang='lat' dir='ltr'><strong>conparare,</strong></span> <span class='ocrx_word' id='word_1_215' title='bbox 705 3833 773 3896; x_wconf 90' lang='lat' dir='ltr'><strong>nisi</strong></span> <span class='ocrx_word' id='word_1_216' title='bbox 801 3837 893 3896; x_wconf 89' lang='lat' dir='ltr'><strong>certe</strong></span> <span class='ocrx_word' id='word_1_217' title='bbox 916 3834 1150 3897; x_wconf 88' lang='lat' dir='ltr'><strong>fideiussorem</strong></span> <span class='ocrx_word' id='word_1_218' title='bbox 1174 3831 1348 3908; x_wconf 86' lang='lat' dir='ltr'><strong>adhibeat,</strong></span> <span class='ocrx_word' id='word_1_219' title='bbox 1372 3831 1430 3894; x_wconf 92' lang='lat' dir='ltr'><strong>cui</strong></span> 
     </span>
    </p>
   </div>
   <div class='ocr_carea' id='block_1_12' title="bbox 308 4001 1429 4259">
    <p class='ocr_par' dir='ltr' id='par_1_12' title="bbox 417 4001 1382 4055">
     <span class='ocr_line' id='line_1_35' title="bbox 417 4001 1382 4055; baseline 0.005 -14"><span class='ocrx_word' id='word_1_220' title='bbox 417 4006 437 4051; x_wconf 87' lang='lat' dir='ltr'><strong>c)</strong></span> <span class='ocrx_word' id='word_1_221' title='bbox 451 4003 520 4044; x_wconf 85' lang='lat' dir='ltr'><strong>ierint</strong></span> <span class='ocrx_word' id='word_1_222' title='bbox 533 4005 580 4046; x_wconf 76' lang='grc' dir='ltr'><strong>ΕΙ.</strong></span> <span class='ocrx_word' id='word_1_223' title='bbox 635 4003 658 4055; x_wconf 91' lang='lat' dir='ltr'><strong>d)</strong></span> <span class='ocrx_word' id='word_1_224' title='bbox 673 4001 787 4044; x_wconf 85' lang='lat' dir='ltr'><strong>dominum</strong></span> <span class='ocrx_word' id='word_1_225' title='bbox 801 4006 847 4046; x_wconf 76' lang='grc' dir='ltr'><strong>ΕΙ.</strong></span> <span class='ocrx_word' id='word_1_226' title='bbox 901 4007 923 4052; x_wconf 86' lang='lat' dir='ltr'><strong>e)</strong></span> <span class='ocrx_word' id='word_1_227' title='bbox 936 4005 1073 4054; x_wconf 78' lang='lat' dir='ltr'><strong>fustigentur</strong></span> <span class='ocrx_word' id='word_1_228' title='bbox 1087 4005 1133 4047; x_wconf 80' lang='grc' dir='ltr'><strong>ΕΙ.</strong></span> <span class='ocrx_word' id='word_1_229' title='bbox 1187 4001 1321 4052; x_wconf 65' lang='grc' dir='ltr'><strong>θοὸοᾱίνίτ</strong></span> <span class='ocrx_word' id='word_1_230' title='bbox 1334 4003 1382 4046; x_wconf 71' lang='lat'><strong>122.</strong></span> 
     </span>
    </p>

    <p class='ocr_par' dir='ltr' id='par_1_13' title="bbox 309 4056 1429 4160">
     <span class='ocr_line' id='line_1_36' title="bbox 416 4056 1429 4109; baseline -0.002 -12"><span class='ocrx_word' id='word_1_231' title='bbox 416 4057 455 4098; x_wconf 86' lang='lat' dir='ltr'><strong>VI.</strong></span> <span class='ocrx_word' id='word_1_232' title='bbox 502 4060 524 4106; x_wconf 83' lang='lat' dir='ltr'><strong>a)</strong></span> <span class='ocrx_word' id='word_1_233' title='bbox 543 4059 599 4096; x_wconf 79' lang='lat' dir='ltr'><strong>deest</strong></span> <span class='ocrx_word' id='word_1_234' title='bbox 617 4059 666 4102; x_wconf 77' lang='lat' dir='ltr'><strong>Ra.</strong></span> <span class='ocrx_word' id='word_1_235' title='bbox 744 4059 767 4106; x_wconf 89' lang='lat' dir='ltr'><strong>b)</strong></span> <span class='ocrx_word' id='word_1_236' title='bbox 785 4059 818 4096; x_wconf 78' lang='lat' dir='ltr'><strong>ua</strong></span> <span class='ocrx_word' id='word_1_237' title='bbox 835 4059 886 4109; x_wconf 71' lang='lat'><strong>1213</strong></span> <span class='ocrx_word' id='word_1_238' title='bbox 909 4056 1006 4098; x_wconf 74' lang='lat' dir='ltr'><strong>undatur</strong></span> <span class='ocrx_word' id='word_1_239' title='bbox 1023 4059 1071 4100; x_wconf 67' lang='lat'><strong>122.</strong></span> <span class='ocrx_word' id='word_1_240' title='bbox 1153 4059 1173 4106; x_wconf 90' lang='lat' dir='ltr'><strong>c)</strong></span> <span class='ocrx_word' id='word_1_241' title='bbox 1192 4058 1362 4106; x_wconf 84' lang='lat' dir='ltr'><strong>occupationem</strong></span> <span class='ocrx_word' id='word_1_242' title='bbox 1380 4057 1429 4100; x_wconf 77' lang='lat' dir='ltr'><strong>Ra.</strong></span> 
     </span>
     <span class='ocr_line' id='line_1_37' title="bbox 309 4107 824 4160; baseline 0.008 -12"><span class='ocrx_word' id='word_1_243' title='bbox 309 4107 332 4158; x_wconf 90' lang='lat' dir='ltr'><strong>d)</strong></span> <span class='ocrx_word' id='word_1_244' title='bbox 347 4111 481 4158; x_wconf 83' lang='lat' dir='ltr'><strong>culpabilem</strong></span> <span class='ocrx_word' id='word_1_245' title='bbox 495 4112 516 4149; x_wconf 84' lang='lat' dir='ltr'><em>R</em></span> <span class='ocrx_word' id='word_1_246' title='bbox 525 4111 543 4152; x_wconf 78' lang='lat'><strong>2.</strong></span> <span class='ocrx_word' id='word_1_247' title='bbox 598 4113 619 4159; x_wconf 90' lang='lat' dir='ltr'><strong>e)</strong></span> <span class='ocrx_word' id='word_1_248' title='bbox 633 4111 762 4160; x_wconf 85' lang='lat' dir='ltr'><strong>septuplum</strong></span> <span class='ocrx_word' id='word_1_249' title='bbox 776 4113 796 4150; x_wconf 82' lang='lat' dir='ltr'><em>R</em></span> <span class='ocrx_word' id='word_1_250' title='bbox 805 4113 824 4152; x_wconf 75' lang='grc'><strong>9.</strong></span> 
     </span>
    </p>

    <p class='ocr_par' dir='ltr' id='par_1_14' title="bbox 308 4163 1428 4259">
     <span class='ocr_line' id='line_1_38' title="bbox 415 4163 1428 4213; baseline -0.002 -9"><span class='ocrx_word' id='word_1_251' title='bbox 415 4165 466 4206; x_wconf 89' lang='lat' dir='ltr'><strong>VII.</strong></span> <span class='ocrx_word' id='word_1_252' title='bbox 507 4167 528 4213; x_wconf 83' lang='lat' dir='ltr'><strong>a)</strong></span> <span class='ocrx_word' id='word_1_253' title='bbox 543 4165 599 4202; x_wconf 82' lang='lat' dir='ltr'><strong>dccet</strong></span> <span class='ocrx_word' id='word_1_254' title='bbox 612 4166 633 4203; x_wconf 85' lang='lat' dir='ltr'><em>R</em></span> <span class='ocrx_word' id='word_1_255' title='bbox 642 4165 661 4207; x_wconf 77' lang='grc'><strong>9.</strong></span> <span class='ocrx_word' id='word_1_256' title='bbox 725 4165 747 4211; x_wconf 83' lang='lat' dir='ltr'><strong>b)</strong></span> <span class='ocrx_word' id='word_1_257' title='bbox 762 4165 801 4212; x_wconf 86' lang='lat' dir='ltr'><strong>qul</strong></span> <span class='ocrx_word' id='word_1_258' title='bbox 815 4175 865 4203; x_wconf 87' lang='lat' dir='ltr'><strong>cum</strong></span> <span class='ocrx_word' id='word_1_259' title='bbox 880 4175 906 4204; x_wconf 91' lang='lat' dir='ltr'><strong>eo</strong></span> <span class='ocrx_word' id='word_1_260' title='bbox 916 4175 961 4213; x_wconf 73' lang='lat' dir='ltr'><strong>pro</strong></span> <span class='ocrx_word' id='word_1_261' title='bbox 976 4168 999 4204; x_wconf 85' lang='lat' dir='ltr'><strong>et</strong></span> <span class='ocrx_word' id='word_1_262' title='bbox 1014 4175 1035 4212; x_wconf 84' lang='lat' dir='ltr'><strong>q.</strong></span> <span class='ocrx_word' id='word_1_263' title='bbox 1049 4165 1097 4206; x_wconf 67' lang='lat'><strong>122.</strong></span> <span class='ocrx_word' id='word_1_264' title='bbox 1161 4165 1181 4211; x_wconf 89' lang='lat' dir='ltr'><strong>c)</strong></span> <span class='ocrx_word' id='word_1_265' title='bbox 1195 4163 1323 4203; x_wconf 81' lang='lat' dir='ltr'><strong>habeantur</strong></span> <span class='ocrx_word' id='word_1_266' title='bbox 1337 4184 1363 4192; x_wconf 90' lang='lat'>—</span> <span class='ocrx_word' id='word_1_267' title='bbox 1376 4163 1428 4203; x_wconf 84' lang='lat' dir='ltr'><strong>sub-</strong></span> 
     </span>
     <span class='ocr_line' id='line_1_39' title="bbox 308 4217 458 4259; baseline 0.027 -5"><span class='ocrx_word' id='word_1_268' title='bbox 308 4217 399 4256; x_wconf 83' lang='lat' dir='ltr'><strong>iaceant</strong></span> <span class='ocrx_word' id='word_1_269' title='bbox 412 4218 458 4259; x_wconf 70' lang='grc' dir='ltr'><strong>ΕΙ.</strong></span> 
     </span>
    </p>
   </div>
   <div class='ocr_carea' id='block_1_13' title="bbox 307 4358 1427 4568">
    <p class='ocr_par' dir='ltr' id='par_1_15' title="bbox 307 4358 1427 4568">
     <span class='ocr_line' id='line_1_40' title="bbox 310 4358 1427 4427; baseline -0.002 -15"><span class='ocrx_word' id='word_1_270' title='bbox 310 4359 335 4424; x_wconf 87' lang='grc'><strong>1)</strong></span> <span class='ocrx_word' id='word_1_271' title='bbox 353 4359 426 4410; x_wconf 82' lang='lat' dir='ltr'><strong>Hace</strong></span> <span class='ocrx_word' id='word_1_272' title='bbox 445 4360 487 4410; x_wconf 74' lang='lat' dir='ltr'><strong>lea</strong></span> <span class='ocrx_word' id='word_1_273' title='bbox 505 4360 642 4425; x_wconf 71' lang='lat' dir='ltr'><strong>inchcm</strong></span> <span class='ocrx_word' id='word_1_274' title='bbox 654 4361 750 4413; x_wconf 80' lang='lat' dir='ltr'><strong>Baiuv.</strong></span> <span class='ocrx_word' id='word_1_275' title='bbox 764 4363 789 4425; x_wconf 83' lang='lat'><strong>9,</strong></span> <span class='ocrx_word' id='word_1_276' title='bbox 804 4362 829 4415; x_wconf 87' lang='lat'><strong>6.</strong></span> <span class='ocrx_word' id='word_1_277' title='bbox 847 4367 949 4427; x_wconf 73' lang='lat' dir='ltr'><strong>recepta</strong></span> <span class='ocrx_word' id='word_1_278' title='bbox 967 4367 1013 4414; x_wconf 80' lang='lat' dir='ltr'><strong>cst.</strong></span> <span class='ocrx_word' id='word_1_279' title='bbox 1042 4360 1083 4424; x_wconf 80' lang='lat' dir='ltr'><strong>Of.</strong></span> <span class='ocrx_word' id='word_1_280' title='bbox 1098 4360 1226 4411; x_wconf 72' lang='lat' dir='ltr'><strong>Brunca·</strong></span> <span class='ocrx_word' id='word_1_281' title='bbox 1239 4360 1256 4412; x_wconf 82' lang='lat' dir='ltr'><strong>l.</strong></span> <span class='ocrx_word' id='word_1_282' title='bbox 1269 4375 1290 4412; x_wconf 84' lang='lat' dir='ltr'><strong>c.</strong></span> <span class='ocrx_word' id='word_1_283' title='bbox 1345 4358 1373 4424; x_wconf 82' lang='lat'><strong>2)</strong></span> <span class='ocrx_word' id='word_1_284' title='bbox 1385 4359 1427 4422; x_wconf 83' lang='lat' dir='ltr'><strong>Of.</strong></span> 
     </span>
     <span class='ocr_line' id='line_1_41' title="bbox 308 4431 1426 4498; baseline -0.001 -17"><span class='ocrx_word' id='word_1_285' title='bbox 308 4431 339 4484; x_wconf 91' lang='lat' dir='ltr'><strong>L.</strong></span> <span class='ocrx_word' id='word_1_286' title='bbox 359 4431 455 4484; x_wconf 75' lang='lat' dir='ltr'><strong>Baiae.</strong></span> <span class='ocrx_word' id='word_1_287' title='bbox 475 4433 564 4496; x_wconf 83' lang='grc'>9,15,·</span> <span class='ocrx_word' id='word_1_288' title='bbox 589 4432 718 4482; x_wconf 74' lang='lat' dir='ltr'><strong>Bracaer</strong></span> <span class='ocrx_word' id='word_1_289' title='bbox 736 4432 753 4484; x_wconf 85' lang='lat' dir='ltr'><strong>l.</strong></span> <span class='ocrx_word' id='word_1_290' title='bbox 773 4447 793 4484; x_wconf 88' lang='lat' dir='ltr'><strong>c.</strong></span> <span class='ocrx_word' id='word_1_291' title='bbox 817 4448 845 4498; x_wconf 84' lang='lat' dir='ltr'><strong>p.</strong></span> <span class='ocrx_word' id='word_1_292' title='bbox 866 4434 926 4486; x_wconf 83' lang='lat'><strong>579.</strong></span> <span class='ocrx_word' id='word_1_293' title='bbox 1022 4433 1049 4498; x_wconf 85' lang='lat'><strong>3)</strong></span> <span class='ocrx_word' id='word_1_294' title='bbox 1067 4431 1140 4482; x_wconf 77' lang='lat' dir='ltr'><strong>Haec</strong></span> <span class='ocrx_word' id='word_1_295' title='bbox 1159 4431 1202 4480; x_wconf 76' lang='lat' dir='ltr'><strong>lec</strong></span> <span class='ocrx_word' id='word_1_296' title='bbox 1219 4437 1323 4496; x_wconf 81' lang='lat' dir='ltr'><strong>recepta</strong></span> <span class='ocrx_word' id='word_1_297' title='bbox 1341 4437 1378 4482; x_wconf 77' lang='lat' dir='ltr'><strong>eet</strong></span> <span class='ocrx_word' id='word_1_298' title='bbox 1395 4431 1426 4480; x_wconf 76' lang='lat' dir='ltr'><strong>ia</strong></span> 
     </span>
     <span class='ocr_line' id='line_1_42' title="bbox 307 4502 845 4568; baseline 0.009 -16"><span class='ocrx_word' id='word_1_299' title='bbox 307 4502 401 4566; x_wconf 73' lang='lat' dir='ltr'><strong>Lepcm</strong></span> <span class='ocrx_word' id='word_1_300' title='bbox 420 4502 515 4556; x_wconf 63' lang='grc' dir='ltr'><strong>Βαῖτιν.</strong></span> <span class='ocrx_word' id='word_1_301' title='bbox 535 4505 560 4568; x_wconf 89' lang='grc'><strong>9,</strong></span> <span class='ocrx_word' id='word_1_302' title='bbox 576 4505 605 4563; x_wconf 83' lang='grc'><strong>7,·</strong></span> <span class='ocrx_word' id='word_1_303' title='bbox 624 4503 657 4566; x_wconf 78' lang='lat' dir='ltr'><strong>cf.</strong></span> <span class='ocrx_word' id='word_1_304' title='bbox 677 4503 741 4556; x_wconf 81' lang='lat' dir='ltr'><strong>ibid.</strong></span> <span class='ocrx_word' id='word_1_305' title='bbox 761 4504 845 4568; x_wconf 86' lang='grc'>9,13.</span> 
     </span>
    </p>
   </div>
   <div class='ocr_carea' id='block_1_14' title="bbox 0 0 1636 5206">
    <p class='ocr_par' dir='ltr' id='par_1_16' title="bbox 0 0 1636 5206">
     <span class='ocr_line' id='line_1_43' title="bbox 0 0 1636 5206; baseline 0 1"><span class='ocrx_word' id='word_1_306' title='bbox 0 0 1636 5206; x_wconf 95' lang='lat' dir='ltr'><strong> </strong></span> 
     </span>
    </p>
   </div>
  </div>
 </body>
</html>
