3264 5206
296 513 348 568 158
486 509 564 565 tax
581 508 696 567 VISIG.
715 507 984 566 Raocnsswun.
1020 509 1056 579 V,
1075 513 1229 579 are-21.

295 697 358 758 aut
379 693 435 758 vel
457 714 528 758 uno
550 693 698 757 forsitan
721 714 811 757 anno
840 693 984 758 reddere
1013 693 1209 760 censionem
1235 694 1345 779 ipsam
1368 695 1416 758 di-

295 782 449 847 stulerit:
475 802 554 847 mox
573 785 640 845 ut⁸
657 782 749 866 regis
771 780 948 845 auditibus
972 782 1042 846 sive
1058 783 1194 847 comitis
1210 786 1272 846 aut
1291 783 1416 848 iudicis

295 871 399 935 huius
420 871 472 935 rei
494 871 585 936 actio
608 870 810 947 innotuerit,
833 889 1006 954 possessor
1029 864 1199 935 admissoh
1217 872 1339 955 pretio,
1360 871 1416 936 vel

295 960 325 1023 si
359 958 443 1042 quid
478 963 619 1025 econtra
653 959 810 1036 dederat,
845 959 883 1022 id
918 959 1037 1036 etiam,
1073 960 1166 1043 quod
1196 961 1343 1044 accepit,
1374 980 1416 1024 ex

296 1047 454 1112 omnibus
482 1048 621 1133 perdat;
652 1048 704 1112 ita
725 1050 767 1112 ut
790 1047 954 1132 principis
978 1051 1140 1133 potestas,
1172 1067 1234 1114 seu
1262 1049 1325 1125 illi,
1356 1050 1417 1133 qui

296 1137 454 1214 dederat,
489 1137 632 1202 reddere
663 1135 826 1212 voluerit,
862 1135 932 1202 sive
968 1136 1041 1213 alii,
1077 1137 1225 1202 fortasse
1260 1137 1416 1202 conferre

296 1224 473 1290 licentiam
503 1225 642 1290 habeat.
688 1224 778 1309 Ipsis
807 1225 947 1290 interim
976 1223 1164 1290 curialibus
1189 1225 1255 1292 vel.
1273 1227 1417 1310 privatis

295 1307 405 1378 inter¹
431 1333 466 1381 se
489 1314 671 1391 vendendi,
696 1313 849 1378 donandi
870 1313 926 1378 vel
950 1315 1186 1379 commutandi
1206 1315 1258 1379 ita
1281 1315 1416 1380 licitum

297 1402 372 1479 erit,
403 1401 541 1480 atille,
572 1403 632 1485 qui
662 1401 843 1486 acceperit,
874 1401 1090 1467 functionem
1116 1403 1168 1468 rei
1195 1406 1334 1487 accepte
1358 1425 1417 1487 pu·

296 1490 396 1555 blicis
419 1490 657 1556 hutilitatibus
672 1491 861 1575 inpendere
876 1511 946 1555 non
961 1494 1108 1556 recuset.
1152 1490 1243 1557 Nam
1265 1491 1418 1576 plebeis1

296 1579 435 1662 glebam
462 1600 560 1644 suam
587 1579 763 1644 alienandi
784 1578 919 1644 nullam
941 1601 1105 1663 umquam
1127 1584 1281 1664 potestas
1304 1601 1417 1646 mane·

296 1668 359 1744 bit,
384 1661 620 1732 admissurusk
638 1667 759 1752 procul
775 1668 881 1732 dubio
896 1669 1057 1752 pretium,
1080 1667 1137 1734 vel
1161 1668 1190 1732 si
1212 1670 1295 1752 quid
1312 1670 1416 1734 conti-

296 1757 388 1840 gerit
425 1757 610 1841 accepisse,
650 1757 856 1840 quicumque
895 1761 974 1841 post
1012 1758 1102 1822 hanc
1141 1756 1254 1842 legem
1287 1759 1415 1836 vineas,

296 1849 416 1922 terras,
448 1845 633 1928 domosque
661 1864 722 1909 sen
750 1845 922 1930 mancipia
949 1845 992 1910 ab
1017 1845 1125 1910 officii
1146 1846 1251 1910 huius
1274 1847 1417 1910 homini·

297 1927 379 1997 bus¹
410 1934 564 2018 accipere
587 1935 793 2018 quandoque
815 1934 1048 2018 presumserit.

699 2085 764 2143 xx.
794 2086 1007 2157 marsuan.

298 2181 342 2246 Si
364 2201 432 2246 res
455 2180 535 2245 ille
558 2181 807 2246 vendantur
830 2185 904 2246 aut
928 2182 1161 2259 donentur,
1192 2202 1271 2267 que
1294 2181 1417 2268 prius

443 2264 704 2336 debuerintb
731 2290 806 2356 per
827 2271 1042 2335 iudicium
1065 2270 1272 2336 obtineri.
1392 2275 1398 2281 ’

140 2371 288 2420 εί.θοά.Εαν,

202 2425 247 2467 aa.
406 2371 464 2440 Βὶ2
497 2377 574 2460 quis
607 2395 693 2453 rem,
733 2397 800 2460 que
835 2380 888 2442 est
922 2397 983 2461 per
1016 2376 1183 2441 iudicium
1216 2378 1415 2462 repetenda,

297 2465 498 2550 priusquam
525 2465 758 2530 adversarium
781 2465 991 2530 iudicialiter
1014 2469 1201 2550 superaret,
1229 2465 1281 2553 ita
1302 2466 1417 2530 vendi-

298 2555 389 2618 derit
416 2553 472 2618 vel
499 2553 679 2618 donaverit
709 2553 814 2618 alicui
843 2558 906 2620 aut
934 2555 1083 2619 forsitan
1109 2554 1294 2619 tradiderit
1321 2575 1417 2621 occu·

297 2643 456 2727 pandam,
487 2645 528 2705 ut
558 2641 686 2726 absque
716 2643 894 2708 audientia
921 2643 1108 2707 iudicantis
1135 2643 1418 2727 privetnrdomi·

296 2731 394 2795 nium
422 2731 641 2816 possessoris:
672 2731 745 2815 ipse
775 2731 836 2815 qui
864 2731 1019 2816 possedit
1047 2752 1109 2816 per
1139 2731 1412 2797 exsecutioneme

296 2820 430 2897 iudicis,
461 2840 543 2897 rem,
574 2840 640 2902 que
671 2824 840 2904 occupata
869 2819 994 2898 fuerat,
1026 2821 1145 2885 statim
1167 2819 1322 2905 recipiat,
1352 2841 1418 2885 nec

298 2908 340 2972 de
364 2908 437 2972 eius
460 2909 680 2992 postmodum
695 2909 902 2992 repetitione
923 2909 1122 2986 contendat,
1147 2909 1252 2974 etiam
1275 2909 1305 2972 si
1327 2909 1419 2973 bona

297 2997 342 3060 sit
377 3017 481 3062 causa
513 2997 675 3081 petentis.
729 2997 797 3062 Ille
826 3018 916 3075 vero,
952 2997 1012 3081 qui
1046 2992 1133 3062 lroc‘¹
1164 2997 1322 3062 vendidit
1355 3001 1418 3061 aut

297 3085 465 3149 donabite
498 3085 554 3150 vel
588 3086 751 3172 occupari
784 3085 952 3172 precepit,
992 3087 1085 3170 quod
1118 3086 1208 3151 iuste
1241 3085 1417 3150 vindicare

297 3173 497 3238 nullatenus
524 3174 649 3258 potuit,
668 3175 835 3240 eiusdem
864 3174 979 3240 meriti
1005 3195 1079 3239 rem
1109 3177 1171 3239 aut
1200 3174 1351 3259 pretium
1374 3174 1416 3251 ei,

297 3282 408 3345 aquo
431 3262 543 3327 victus
566 3263 683 3341 fuerit,
711 3283 893 3347 repensare
918 3266 1077 3348 cogatur3
1109 3263 1190 3346 quia
1213 3283 1295 3340 rem,
1325 3266 1417 3328 ante·

296 3371 400 3433 quam
421 3343 650 3428 vindicaretf‚
673 3352 760 3416 iecit
782 3351 910 3417 invadi.

379 3502 460 3560 XXI.
491 3501 661 3559 PLAVIUS
679 3503 899 3561 GLORIORUS
918 3503 1227 3577 Racoassvmnus
1245 3503 1332 3560 REX.

342 3615 402 3681 De
436 3617 669 3701 mancipiis
704 3617 753 3682 ab
789 3617 993 3769 hoptpbus
1028 3617 1259 3702 occupatis
1292 3617 1370 3681 hac

753 3725 833 3770 ven
871 3728 883 3768 1
914 3725 959 3770 rs.

404 3808 626 3894 Quacumque
654 3811 827 3897 mancipia
855 3813 897 3876 de
922 3811 1120 3896 regionibus
1143 3811 1270 3876 nostris
1293 3810 1336 3875 ab
1361 3811 1417 3874 ad·

296 3899 403 3964 versis
436 3899 594 3964 hostibus
630 3901 810 3965 extiterint
840 3901 1049 3986 hcccupata‚
1086 3901 1115 3964 si
1145 3900 1189 3965 ab
1219 3899 1416 3965 hominibus

403 4055 658 4103 glutwctRssl.
701 4055 726 4104 h)
739 4055 883 4099 amlssoBt.
924 4055 1043 4108 binam
1057 4055 1272 4105 Blprclntcrsc.
1311 4054 1418 4103 namn·

296 4117 363 4147 surus
377 4108 426 4150 Ra.
479 4107 612 4156 nomnibus
626 4108 672 4151 ΕΙ.

403 4161 451 4204 XX.
484 4163 506 4209 a)
519 4162 577 4201 dccet
590 4161 639 4204 Bt.
685 4161 709 4209 b)
723 4158 851 4203 debuerunt
864 4162 913 4204 Bt.
955 4164 975 4210 c)
990 4161 1159 4202 exornationem
1172 4161 1222 4206 aa.
1263 4158 1286 4210 d)
1299 4161 1356 4200 deest
1369 4161 1417 4204 ΕΙ.

297 4210 490 4265 atomum,
543 4215 607 4264 nita
620 4215 734 4266 B1.El;
753 4215 919 4258 viscerosae.

297 4336 324 4404 1)
341 4337 430 4390 Plcbci
446 4345 574 4392 cocuntur
585 4340 673 4392 coloni
688 4339 778 4406 qletcc
795 4340 945 4408 adscfiptss·
961 4341 996 4405 cf.
1009 4339 1093 4406 Περεῖ
1111 4339 1129 4394 l.
1142 4355 1179 4401 c.‚·
1196 4337 1344 4402 Helffecicb
1363 4337 1381 4392 l.
1394 4353 1416 4391 c.

293 4411 478 4477 p.124.160,·
502 4410 586 4462 Dalm
605 4411 623 4464 l.
636 4426 656 4465 c.
673 4428 701 4478 p.
714 4412 776 4466 314.
850 4411 878 4478 2)
895 4411 1167 4464 Animadvertendum
1184 4416 1230 4476 est,
1249 4415 1349 4477 quanto
1361 4409 1418 4462 dis·

295 4487 381 4549 crepat
398 4481 461 4534 baec
480 4481 523 4533 zea
543 4481 674 4548 ‘antiqua’
692 4498 710 4534 a
728 4482 845 4548 aenaim
863 4483 962 4534 Eurics'
977 4483 1166 4537 camurana
