3198 5202
398 1395 466 1466 DE
493 1391 696 1466 INLATIS
724 1391 1012 1466 VIOLIINTIIS
1039 1392 1128 1464 ET*
1161 1393 1368 1466 DAMNIS.

575 1616 785 1726 LIBER
823 1613 1195 1726 OOTABUSQ

457 1870 485 1933 I.
514 1868 728 1932 TPIULUS:
778 1867 840 1931 DIl
880 1867 1221 1933 INVASIONIBUS
1262 1869 1319 1932 ET

696 1973 1075 2039 DIRIlP'IIONIBUS.

424 2099 453 2162 I.
488 2099 538 2162 Ut
567 2099 660 2162 solus
690 2101 856 2182 patronus
885 2098 940 2162 vel
973 2099 1132 2164 dominus
1167 2098 1356 2183 culpabiles
1392 2100 1448 2162 ha·
1585 2137 1587 2174 ξ

488 2188 645 2264 beantur,
686 2188 715 2250 si
753 2187 906 2252 eisdema
945 2187 1144 2252 iubentibus
1182 2189 1353 2271 ingenuus
1393 2188 1448 2252 vel

488 2295 606 2339 servus
628 2275 764 2340 inlicita
786 2279 983 2359 operentur.

402 2364 451 2428 II.
488 2364 525 2428 si
548 2384 720 2448 possessor
743 2385 804 2447 per
825 2364 1028 2429 violentiam
1050 2365 1254 2448 expellatur.

382 2453 451 2519 III.
488 2453 525 2516 Si
548 2453 592 2516 ad
615 2453 810 2518 faciendam
834 2453 953 2518 eedem
975 2453 1080 2517 turba
1102 2455 1354 2536 quoadunetur.

362 2541 453 2605 IIII.
490 2541 526 2605 Si
548 2542 642 2606 intra
665 2542 805 2605 domum
827 2541 883 2606 vel
907 2542 1047 2606 ianuam
1075 2563 1171 2606 suam
1194 2543 1363 2607 violenter
1391 2542 1450 2606 ali·
1585 2559 1587 2576 ⁴

487 2631 564 2713 quis
586 2630 797 2694 includatur.

409 2718 450 2783 V.
485 2718 535 2782 Ut
568 2717 667 2782 nulls.
699 2739 754 2783 res
788 2719 831 2784 ab
867 2718 935 2783 elio
970 2739 1124 2804 possessa
1158 2719 1285 2802 absque
1320 2719 1448 2784 iudioio

487 2810 683 2892 usurpetur.

391 2895 452 2958 VI.
488 2895 525 2959 si
548 2896 592 2959 ad
616 2896 848 2980 diripiendum
871 2897 1014 2979 quisque
1038 2896 1124 2960 alios
1146 2897 1310 2962 invitasse
1333 2917 1448 2980 reppe-

487 2984 606 3047 riatur.

370 3072 452 3136 VII.
486 3072 540 3136 Ne
571 3065 733 3136 absenteb
761 3073 900 3136 domino
923 3073 979 3137 vel
1003 3073 1040 3135 in
1064 3073 1282 3156 expeditione
1310 3073 1449 3158 publiea
1586 3119 1587 3152 .

488 3162 699 3225 constitutoa
727 3161 929 3244 cuiusquam
953 3162 1073 3225 domus
1096 3163 1320 3244 inquietetur.

330 3248 453 3322 ΙἮΙΙ.
490 3249 527 3314 si
557 3249 688 3332 aliquid
717 3249 891 3314 inlicitum
921 3250 1054 3314 faciant
1083 3250 1173 3314 servi
1203 3251 1291 3328 eius,
1324 3251 1384 3334 qui
1412 3251 1449 3312 iu

489 3339 732 3422 expeditionea
759 3341 812 3402 est
835 3337 976 3421 publiea
999 3339 1219 3403 constitutus.

330 3425 452 3490 VIIII.
484 3426 541 3491 ‘De
557 3428 621 3504 his,
641 3427 752 3510 quiin
769 3427 987 3510 expeditione
1003 3431 1125 3492 euntes
1141 3427 1273 3511 aliquid
1289 3428 1445 3492 auferrea

490 3518 526 3579 et
549 3516 729 3600 depredari
752 3519 961 3600 presumant.

411 3604 454 3666 X.
490 3603 539 3666 Ut
562 3605 670 3668 socios
694 3609 792 3668 suos⁰
813 3605 978 3681 nominet,
1003 3607 1088 3688 aput
1112 3625 1213 3686 quem
1236 3625 1315 3689 pars
1330 3606 1449 3690 rapine
1586 3637 1587 3672 1

489 3692 631 3755 inventa
654 3693 882 3776 cognoscitur.

390 3780 454 3843 XI.
490 3779 542 3844 De
566 3781 629 3858 his,
653 3782 714 3864 qui
737 3780 931 3864 diripienda
952 3781 1107 3846 indicare
1129 3782 1381 3866 repperiuntur.

370 3868 454 3931 XII.
490 3866 543 3932 De
574 3868 641 3945 his,
677 3870 736 3952 qui
769 3865 974 3934 itineranti‘1
1007 3870 1063 3934 vel
1092 3870 1149 3933 inc
1184 3891 1286 3954 opere
1320 3872 1448 3936 rustico

491 3959 701 4022 constituto⁸
721 3957 852 4041 aliquid
876 3958 1085 4022 abstulerint
1106 3959 1162 4022 vel
1186 3959 1379 4024 molestiam
1401 3961 1448 4022 in-

490 4043 581 4110 ferre
604 4047 860 4130 presumserint.

350 4133 455 4196 XIII.
492 4133 528 4197 Si
551 4134 621 4212 ille,
645 4135 705 4218 qui
728 4136 857 4219 diripit,
886 4137 923 4198 in
946 4136 1021 4220 ipsa
1044 4135 1238 4219 direptione
1261 4139 1371 4200 morte
1395 4157 1448 4201 ne-

492 4226 598 4286 cetur.

439 4395 502 4438 urs.
517 4395 592 4437 vm.
633 4397 655 4442 a)
669 4394 709 4434 nr
723 4394 839 4436 nnnuis
853 4396 896 4438 aa.
913 4396 961 4438 se.
1015 4396 1038 4444 s)
1053 4394 1190 4437 ocfflus
1204 4397 1224 4434 R
1234 4397 1253 4438 2¹

330 4494 354 4549 o)
367 4501 391 4541 in
405 4449 550 4544 adddit,
561 4449 583 4497 ⁸)
596 4449 683 4498 '‘lm‘'
696 4449 796 4488 rum
805 4460 863 4498 pm
876 4451 919 4492 ωε·
933 4451 953 4488 R
962 4449 982 4492 ²·
1036 4450 1059 4497 ὓ)
1073 4450 1189 4490 absentem
1203 4451 1224 4488 B
1232 4451 1252 4492 2·
1300 4452 1321 4499 e)
1334 4451 1391 4490 aaa
1405 4451 1450 4490 121.
