3198 5202
327 529 406 584 LEX
423 529 825 588 Ἦ816.ΒΕΟΟΕΒΒἮΝΙ).
862 533 944 601 VIII,
962 536 988 601 4,
1007 537 1122 590 27—29.
1234 537 1289 589 253

541 707 665 764 xxvu.
696 708 908 779 ruricula.

223 820 283 884 Ne
318 821 405 884 iter
440 821 676 904 agentibus
710 842 871 905 pascua
904 843 988 886 non
1023 822 1232 886 conclusa

617 913 837 974 vetentur.

274 1015 369 1079 Iterl
393 1015 575 1098 agentibus
598 1017 635 1078 iu
658 1017 802 1099 pascuis,
827 1037 893 1100 que
917 1017 1079 1081 conclusa
1099 1038 1170 1081 non
1194 1021 1285 1094 sunt,

167 1104 339 1187 deponere
380 1103 513 1167 sarcina
550 1107 585 1168 et
621 1105 776 1169 iumenta
809 1105 864 1171 vel
899 1105 1002 1170 boves
1038 1127 1177 1190 pascere
1215 1128 1286 1169 non

166 1195 345 1269 vetentur;
369 1193 420 1255 ita
442 1195 483 1254 ut
506 1214 576 1257 non
599 1214 668 1257 uno
684 1192 760 1257 loco
776 1193 854 1277 plus
870 1215 972 1277 quam
990 1195 1105 1272 biduo,
1129 1196 1197 1258 nisi
1220 1196 1286 1259 hoo

167 1281 209 1344 ab
234 1302 284 1354 ec,
310 1281 407 1345 cuius
430 1301 558 1364 pascua
581 1285 671 1357 sunt,
697 1282 920 1360 obtinuerint,
945 1287 1196 1360 conmorentur,
1221 1305 1285 1348 nec

167 1370 305 1433 arbores
340 1369 484 1434 maiores
518 1370 574 1434 vel
608 1370 833 1454 glandiferas,
872 1371 939 1434 nisi
975 1372 1167 1455 prestiterit
1200 1373 1284 1435 silve

166 1458 335 1536 dominus,
367 1480 388 1520 a
409 1459 524 1522 radice
548 1453 773 1536 succedantl,
804 1480 917 1522 ramos
940 1463 1058 1530 autem
1081 1462 1125 1523 ad
1148 1481 1286 1586 pascen-

167 1547 227 1610 dos
252 1547 376 1611 bobes⁰
404 1568 474 1610 non
497 1548 721 1630 proibeantur
745 1551 969 1632 conpetenter
991 1549 1141 1613 incidere
1173 1597 1180 1610 .

640 1700 802 1756 xxviiia

165 1811 237 1888 Ut,
271 1812 345 1894 qui
373 1813 417 1875 in
446 1814 644 1877 transitu
673 1813 875 1878 fluminis
907 1815 1125 1879 culturam
1154 1816 1282 1892 facit,

380 1901 573 1966 laborem
603 1897 770 1986 sepemb
798 1903 1069 1968 circundet⁰.

274 2006 363 2086 Qui²
385 2008 422 2070 in
446 2028 486 2072 eo
509 2008 594 2086 loco,
624 2009 685 2073 ubi
714 2011 881 2074 transitus
909 2011 1060 2074 fluminis
1084 2014 1145 2087 est,
1175 2011 1284 2075 cultu-

165 2117 237 2158 ram
266 2097 390 2160 fecerit
414 2097 469 2161 vel
501 2101 705 2182 preruptam
735 2099 818 2182 ripe,
850 2102 911 2162 aut
938 2099 999 2163 ubi
1026 2120 1150 2184 pecora
1176 2103 1284 2163 trans-

166 2187 264 2262 eunt,
304 2187 459 2269 potuerit
498 2187 679 2251 excludere
714 2189 750 2250 et
783 2187 906 2251 iecerit
939 2188 1086 2251 fortasse
1119 2188 1282 2264 culturas,

166 2293 281 2356 sepem
310 2274 415 2338 etiam
444 2274 559 2338 facere
587 2296 656 2338 non
684 2277 845 2338 moretur.
893 2274 993 2354 Quod
1017 2277 1045 2338 si
1068 2297 1138 2338 non
1160 2277 1283 2340 fecerit

167 2365 202 2425 et
231 2362 363 2444 aliquid
394 2364 510 2426 damni
540 2364 648 2427 fuerit
678 2384 739 2446 per
769 2363 859 2427 hanc
889 2359 1126 2448 neclegentie‘1
1152 2385 1212 2429 sue
1235 2366 1284 2427 in-

166 2451 400 2515 hutilitateme
428 2472 618 2535 perpessus,
642 2451 731 2514 nihil
755 2453 999 2535 conpositionis
1023 2453 1066 2516 ab
1091 2447 1180 2516 aliof
1200 2455 1284 2518 acci-

166 2539 250 2622 piat,
282 2540 362 2622 quia
391 2540 644 2624 neclegentiam
666 2539 761 2604 illius
785 2541 829 2604 ad
852 2540 1022 2605 alteriusg
1048 2542 1211 2604 damnum
1235 2563 1284 2606 re·

166 2628 320 2692 dundare
343 2649 413 2692 non
437 2629 607 2692 convenit.

524 2781 679 2837 xxvrnr.
710 2780 924 2851 ANTIQUAa.

165 2892 225 2955 De
261 2893 533 2958 discretione
572 2894 972 2959 concludendorum
1011 2889 1282 2958 fluminumb.

272 2998 455 3062 Flumina³
484 3000 622 3078 maiora,
653 3001 690 3063 id
720 3004 782 3079 est,
813 3023 874 3086 per
903 3023 968 3085 que
997 3003 1104 3066 isooes
1135 3005 1196 3064 aut
1223 3001 1283 3064 alii

165 3087 275 3170 pisces
314 3088 479 3151 maritimi
517 3089 760 3152 sabricuntur⁰
794 3090 850 3154 vel
883 3090 1041 3155 forsitam
1074 3085 1187 3155 recia‘l
1222 3093 1283 3153 aut

165 3197 378 3259 quecumque
408 3178 600 3241 conmercia
626 3179 771 3242 veniunt
800 3179 948 3255 navium,
979 3179 1097 3242 nullus
1127 3179 1172 3242 ad
1199 3179 1283 3243 inte-

165 3284 265 3347 grum
288 3268 409 3329 contra
431 3265 619 3328 multorum
643 3271 866 3331 conmunem⁰
888 3268 1103 3331 commodum
1127 3288 1187 3332 sue
1210 3270 1283 3331 tan·

164 3354 307 3417 tumodo
337 3353 511 3417 hutilitati
540 3355 760 3419 consulturus
790 3355 967 3433 excludat,
1004 3356 1064 3419 sed
1098 3376 1206 3438 usque
1239 3356 1283 3418 ad

164 3441 316 3506 medium
339 3442 485 3520 alveum,
509 3443 571 3506 ubi
586 3443 753 3506 maximus
768 3443 919 3507 fluminis
941 3444 1049 3528 ipsius
1073 3437 1279 3508 concursusr

165 3533 226 3608 est,
252 3550 365 3613 sepem
390 3533 515 3596 ducere
537 3553 608 3596 non
622 3534 769 3610 vetetur,
794 3532 926 3595 utalia
949 3533 1114 3596 medietas
1139 3533 1283 3596 diverso-

164 3640 240 3680 rum
264 3618 382 3682 usibus
402 3618 512 3684 libera
526 3619 752 3702 relinquatur.
788 3620 825 3684 Si
840 3622 916 3704 quis
932 3623 1053 3685 contra
1067 3622 1132 3686 hoc
1148 3621 1280 3698 fecerit,

165 3707 303 3770 exclusa
325 3707 433 3790 ipsius
457 3730 477 3771 a
501 3709 625 3772 comite
649 3709 799 3773 civitatis
821 3710 878 3775 vel
902 3731 922 3773 a
944 3711 1058 3776 iudice
1077 3711 1150 3774 sine
1166 3710 1284 3793 aliqua

165 3795 384 3860 excusatione
406 3799 596 3880 rumpatur,
622 3800 657 3861 et
681 3798 710 3861 si
732 3798 937 3862 honestioris
960 3799 1028 3863 loci
1050 3819 1197 3883 persona
1219 3801 1280 3874 est,

271 3967 361 4010 XXVII.
408 3969 431 4020 a)
449 3970 505 4007 deest
522 3969 571 4010 Rs.
658 3971 733 4017 b)1'ta
746 3982 790 4018 pro
809 3969 926 4010 succidant
945 3972 1019 4014 Bm.
1107 3974 1127 4020 c)
1146 3972 1215 4012 boves
1234 3972 1283 4014 122.

164 4018 188 4069 d)
201 4021 234 4060 ito
248 4021 279 4068 E,·
294 4019 396 4061 incidant
410 4022 461 4074 313
478 4021 574 4062 incideri
587 4024 608 4062 R
617 4023 637 4065 2.

125 4119 127 4125 ι
271 4074 374 4117 XXVIII.
421 4078 443 4124 a)
457 4075 593 4123 ANTIQUI
607 4077 657 4118 add.
671 4077 694 4114 E
701 4078 719 4118 1.
728 4078 748 4120 2.
808 4076 832 4127 b)
845 4077 936 4126 sepibus
950 4078 1000 4120 122.
1061 4078 1082 4129 c)
1096 4077 1283 4120 circumdetur.

164 4125 188 4174 d)
202 4127 344 4176 neclegenua
358 4129 404 4170 Rl.
478 4131 499 4177 e)
513 4129 638 4168 inutilitate
652 4129 701 4172 122.
774 4130 907 4182 Oita1223
928 4130 971 4170 hec
985 4132 1031 4174 Rl.
1104 4134 1127 4180 g)
1142 4133 1174 4170 ita
1188 4132 1236 4173 122.
1251 4132 1283 4179 E,-

163 4180 258 4220 alterius
272 4181 301 4222 al.
316 4193 343 4223 m,
353 4186 406 4231 poet
421 4182 471 4224 add.
486 4183 533 4224 Rl.

271 4233 386 4276 XXVIIII.
435 4235 589 4286 a)dcectR2.
670 4235 693 4283 b)
708 4236 825 4278 cratim.
905 4237 1282 4288 c)131.r1;subriguntur122.

164 4282 187 4334 d)
201 4286 282 4326 retiam
296 4288 345 4330 122.
400 4289 421 4336 e)
435 4298 545 4328 conrnune
559 4288 606 4331 122.
659 4288 808 4337 &conclusus
822 4289 869 4332 121.

165 4427 191 4494 1)
209 4429 251 4492 Cf.
270 4445 290 4483 c.
310 4431 353 4484 25.
373 4431 426 4492 26;
447 4448 476 4498 p.
496 4433 558 4497 252,
578 4447 604 4485 a.
624 4433 649 4484 3.
739 4430 767 4494 2)
785 4429 826 4494 Cf.
847 4430 939 4497 roan,
961 4431 1068 4498 ‘Westq
1088 4432 1175 4486 Stoa’
1190 4449 1218 4499 p.
1238 4434 1281 4486 96.

164 4500 190 4566 3)
206 4501 236 4554 V.
255 4500 320 4553 iou.
339 4507 363 4552 et
383 4502 423 4555 ίΖ.
443 4502 463 4566 f.
481 4500 690 4553 Handclsrecbt’
709 4501 787 4567 XVI,
804 4519 832 4568 p.
846 4503 908 4556 393.
1041 4511 1042 4516 ’
