3214 5198
397 523 453 579 m.
489 523 610 578 INDEX
627 523 767 580 RERUM
785 524 835 578 ΕΤ
853 523 1077 581 VERBORUM.
1243 528 1296 581 389

213 721 259 757 050
278 703 417 756 infirmum
436 702 471 756 ad
487 702 618 771 placitum
631 720 718 756 susce·
754 703 917 756 terminare:
942 702 1104 756 terminatae
1123 720 1220 756 causae
1245 706 1295 772 463

212 775 285 843 perit
303 779 370 840 2923
396 775 533 843 suscipere
552 774 672 828 accolam
690 775 718 827 in
790 774 931 843 negotium
949 775 1097 827 terminare
1116 777 1158 830 57.
1177 778 1237 830 219.

212 850 286 900 terra
304 863 352 898 sus
370 849 435 914 281;
455 845 502 914 qui
519 845 637 914 suscepti
655 849 719 898 sunt
755 846 888 898 terminus
913 849 938 901 3.
964 849 1121 910 287-2903
1148 845 1295 898 terminum

213 917 367 985 015015οηί
386 933 482 970 eorum
500 918 534 970 ib.
789 933 901 984 ponere,
914 917 1088 984 constituere,
1106 917 1251 969 restituere
1269 921 1294 970 3.

177 988 335 1055 suscribere,
349 987 493 1056 suscriptio
506 1004 529 1040 v.
539 987 717 1055 subscribere,
790 991 851 1043 288.
879 991 947 1053 2903
975 988 1106 1040 terminos
1134 987 1295 1053 convellere,

212 1059 382 1127 subscriptio.
790 1058 927 1125 divellere,
941 1059 1059 1112 evellere
1071 1061 1138 1124 2883
1157 1058 1229 1110 intra
1241 1063 1295 1112 tar-

176 1134 331 1199 suspectus:
350 1129 433 1182 iudex
451 1146 472 1184 s.
492 1133 534 1185 52.
549 1133 599 1196 533
619 1128 717 1182 ducem
789 1130 877 1182 minos
896 1130 998 1183 alienos
1016 1130 1154 1198 possidere
1172 1132 1234 1184 289.

212 1205 369 1270 suspectum
387 1200 488 1254 habere
507 1203 550 1256 53.
754 1202 834 1268 terra,
860 1204 950 1254 terrae
975 1204 1015 1256 11.
1042 1204 1082 1256 15.
1109 1205 1152 1257 35.
1172 1205 1214 1256 77.
1235 1203 1294 1256 152.

791 1275 850 1327 173.
865 1275 926 1327 278.
940 1275 1001 1328 279.
1020 1275 1088 1340 2833
1107 1275 1209 1325 terram
1228 1271 1295 1325 divi-

423 1381 453 1435 Ί,
789 1341 854 1396 dere
873 1346 941 1408 2563
960 1343 1056 1396 divisio
1075 1347 1211 1396 terrarum
1224 1343 1296 1396 10010

454 1416 465 1436 “
789 1413 863 1468 15105
881 1413 985 1467 (ictum
1004 1418 1032 1467 et
1049 1412 1206 1468 Romanum
1229 1418 1294 1480 278;

176 1485 242 1538 talio
256 1488 321 1552 1863
342 1483 535 1552 conpositionis
548 1500 716 1552 summapro
789 1485 818 1537 in
837 1486 968 1538 consortis
991 1489 1065 1538 10550
1087 1486 1196 1538 vineam
1218 1485 1295 1552 plan-

211 1572 266 1608 505
285 1555 425 1609 reddendo
437 1555 540 1608 talione
554 1559 620 1622 1863
639 1556 716 1608 talio·
788 1560 857 1623 tare,
877 1555 990 1609 domum
1003 1561 1160 1610 construere
1175 1561 1241 1625 2773
1260 1557 1295 1609 ad

211 1644 275 1680 nem
293 1627 409 1680 reddere
421 1626 591 1695 prohibitum
605 1629 669 1694 1873
687 1626 717 1679 in
788 1627 927 1695 placitum,
936 1627 971 1680 ad
978 1645 1110 1681 canonem
1118 1631 1204 1680 105500
1213 1629 1294 1680 susci-

211 1715 239 1751 se
257 1697 378 1766 recipere
395 1698 526 1750 talionem
544 1699 579 1750 ib.
788 1715 854 1767 pere
885 1702 952 1765 2733
983 1703 1072 1752 terras
1103 1699 1137 1751 ad
1164 1699 1295 1767 placitum

174 1772 269 1822 taurus
287 1769 399 1822 vitiosus
417 1772 479 1824 248.
789 1769 912 1837 canonis,
941 1787 992 1838 per
1020 1770 1151 1838 placitum
1182 1769 1294 1823 definito

174 1844 282 1893 taxare:
296 1844 404 1892 tantum
416 1839 618 1908 conpositionis,
631 1856 716 1906 quan·
789 1858 923 1893 annornm
941 1858 1056 1894 nomem
1075 1841 1154 1894 datae
1173 1843 1221 1906 ib.;
1241 1846 1294 1893 ter-

211 1915 270 1963 tum
288 1911 346 1980 ipse
358 1911 500 1976 taxaverit,
519 1911 566 1978 qui
584 1911 715 1964 lesionem
788 1929 848 1964 ram
865 1912 995 1980 accipere,
1014 1916 1136 1980 prestere
1154 1916 1222 1979 2803
1241 1916 1294 1964 ter-

209 1983 324 2051 pertulit
355 1985 419 2048 1871
455 1982 555 2050 pignus
591 1984 715 2034 taxatum
789 2001 848 2036 ram
885 1983 920 2036 ad
957 1983 1138 2037 excolendum
1173 1984 1294 2050 accipere

211 2057 277 2122 1653
296 2070 367 2122 pena
385 2070 435 2121 per
447 2053 610 2121 scripturam
622 2057 715 2106 taxata
789 2058 854 2122 2813
880 2054 1018 2123 suscipere
1036 2055 1156 2108 accolam
1175 2055 1203 2106 in
1222 2059 1294 2107 terra

210 2129 277 2192 2233
303 2124 408 2177 furtum
426 2127 548 2176 taxatum
572 2127 640 2192 21ος
667 2123 714 2177 do·
789 2143 838 2178 sua
863 2129 928 2193 2813
953 2127 1008 2193 ille,
1035 2125 1079 2178 cui
1103 2143 1131 2178 se
1157 2142 1294 2178 commen·

210 2213 271 2248 mus
289 2196 408 2264 pretium
424 2198 550 2268 ,10501555
569 2199 630 2250 232.
790 2195 873 2264 davit,
892 2196 940 2250 det
958 2197 983 2250 ei
1001 2201 1103 2250 terram
1118 2201 1182 2264 1503
1203 2201 1294 2265 patro·

173 2267 290 2320 taxatio:
303 2267 354 2320 sub
363 2266 510 2320 iuramenti
521 2266 660 2319 taxatione
669 2269 713 2322 83.
790 2285 849 2334 nus,
868 2285 949 2335 quem
963 2267 1113 2335 reliquerit,
1131 2271 1234 2321 terram
1247 2268 1295 2320 ob·

173 2337 311 2405 telonarii,
343 2338 503 2390 thelonarii:
539 2337 714 2390 transmarini
790 2339 877 2392 tinent
893 2341 944 2404 ib.;
966 2339 995 2391 in
1013 2343 1086 2392 terra
1104 2340 1213 2407 patroni
1231 2355 1294 2393 con-

209 2409 392 2478 negotiatores
410 2409 465 2460 suis
483 2412 511 2462 et
529 2409 668 2461 telonariis
687 2411 714 2462 et
790 2409 886 2462 sistens
916 2409 950 2463 de
977 2410 1071 2463 labore
1101 2427 1149 2464 suo
1177 2410 1296 2478 adquirit

209 2480 314 2549 legibus
332 2480 479 2532 audiantur
496 2483 557 2536 294.
577 2483 638 2536 295.
791 2484 857 2546 172;
881 2481 1044 2533 deservitio
1063 2481 1199 2546 ecclesiae,
1219 2482 1295 2534 cuius

173 2554 334 2620 tempestas:
367 2551 514 2604 commotio
545 2550 715 2619 tempestatis
789 2555 890 2604 terram
915 2552 1099 2620 possidebant,
1125 2552 1294 2606 discedentes

210 2623 302 2690 (causa
311 2622 470 2676 manifestae
481 2622 659 2689 necessitatis)
667 2625 715 2690 583
790 2626 849 2678 144.

212 2697 405 2762 tempestatum
423 2694 579 2746 inmissores
599 2697 659 2751 182.
752 2694 864 2748 terreri:
888 2697 964 2746 metu
986 2693 1097 2746 territus
1116 2694 1229 2746 amalis
1248 2695 1294 2747 ab·

176 2767 299 2832 tempus:
312 2769 437 2833 tempore
449 2763 638 2818 Romanorum
650 2768 716 2829 2893
789 2765 888 2818 stiueat
906 2768 967 2821 200.

213 2840 320 2903 tempus
338 2836 411 2889 vitae
430 2839 496 2901 1283
515 2839 534 2890 t.
549 2836 716 2890 decimarum
753 2836 923 2890 territorium
952 2840 993 2891 11.
1021 2839 1064 2891 47.
1093 2839 1135 2891 74.
1162 2840 1205 2891 75.
1232 2839 1293 2891 297.

213 2911 280 2975 2553
306 2911 325 2961 t.
344 2907 451 2976 glandis
469 2908 519 2974 ib.;
545 2912 574 2975 1.,
597 2924 651 2974 quo
670 2906 716 2959 de·
790 2911 850 2963 395.
878 2910 946 2974 806;
979 2907 1133 2975 051000550,
1160 2907 1294 2975 pontifex,

173 3042 178 3051 Ι
213 2977 335 3031 fenditur
352 2995 453 3046 peoora
475 2978 503 3030 in
526 2983 636 3046 pratum
655 2978 717 3030 mit·
790 2978 914 3031 sacerdos
939 2978 1077 3046 territorii,
1103 2979 1131 3030 in
1156 2978 1294 3031 territorio

212 3053 270 3101 tere
292 3053 360 3118 2393
384 3081 418 3088 —
443 3054 591 3117 conpetens
609 3053 718 3117 tempus
790 3049 954 3103 constitutus
981 3052 1120 3106 115198.
1146 3052 1206 3106 305.
1227 3053 1294 3114 306;

214 3123 261 3186 52;
288 3120 420 3188 placitum
438 3124 457 3175 t.
478 3124 502 3176 9.
523 3125 589 3185 152;
615 3124 634 3174 1.
654 3137 717 3173 con·
789 3121 958 3174 territorium
974 3121 1080 3174 comitis
1099 3120 1215 3174 civitatis
1233 3124 1294 3175 205.

213 3191 338 3243 stitutum
359 3195 418 3247 105.
431 3195 499 3257 2743
518 3195 537 3246 t.
551 3190 718 3244 sufficienter
789 3195 944 3258 269—2713
963 3195 983 3247 t.
1002 3191 1098 3245 iudicis
1117 3195 1159 3247 62.
1173 3195 1215 3247 63.
1228 3195 1294 3257 205;

213 3279 228 3314 0
240 3262 330 3316 iudice
343 3263 520 3315 constitutum
532 3266 600 3328 2093
619 3266 639 3318 t.
652 3262 717 3332 legi-
790 3262 873 3315 iudex
884 3263 1016 3316 territorii
1029 3267 1072 3319 75.
1087 3267 1146 3319 117.
1161 3266 1220 3318 137.
1235 3266 1294 3318 181.

212 3333 262 3386 bus
275 3335 452 3386 constitutum
472 3337 518 3401 51;
537 3333 630 3402 legum
648 3337 717 3387 tem·
791 3336 850 3389 189.
881 3337 942 3389 219.
972 3338 1040 3399 2973
1068 3336 1104 3399 cf.
1136 3338 1196 3390 305.
1228 3337 1294 3400 3063

213 3420 280 3472 pora
304 3408 346 3460 59.
365 3408 415 3472 833
443 3435 475 3443 -
502 3421 536 3457 ex
561 3404 718 3473 prolixitate
789 3404 872 3458 iudex
890 3405 934 3457 vel
950 3405 1065 3457 vicarius
1077 3405 1219 3473 proximae
1231 3404 1295 3457 civi·

213 3476 343 3543 temporis
351 3475 610 3542 sibivindicare2673
619 3477 717 3545 longae
790 3476 853 3528 tatis
872 3479 919 3528 051
937 3475 1068 3528 territorii
1085 3480 1145 3531 283.
1165 3507 1196 3515 -
1216 3476 1295 3528 terri-

212 3547 388 3614 possessionis
409 3551 518 3615 tempus
542 3550 610 3612 289;
636 3547 718 3615 longa
789 3547 892 3599 terium
910 3546 988 3598 fundi
1006 3550 1067 3602 278.

212 3623 338 3685 tempora
349 3620 397 3682 in,
410 3617 575 3686 interruptio
587 3618 718 3686 temporis
753 3622 843 3672 terror
861 3622 910 3685 99;
932 3617 960 3669 15
979 3621 1114 3670 conventu
1132 3617 1241 3685 publico
1260 3617 1296 3670 ad

212 3691 277 3756 286;
291 3689 392 3755 absque
402 3693 558 3757 temporum
567 3689 717 3756 preiudicio
790 3690 906 3742 aliorum
928 3693 1063 3742 terrorem
1081 3687 1126 3740 00
1144 3688 1233 3741 1110150
1251 3705 1295 3741 ac·

213 3763 281 3827 2853
309 3759 427 3812 duorum
451 3777 586 3812 annorum
609 3764 717 3828 tempus
790 3761 892 3828 cipisnt
910 3763 970 3816 228.

213 3834 263 3898 89;
282 3831 431 3884 tricennale
449 3835 557 3898 tempus
576 3834 636 3886 284.
656 3834 716 3887 285.
754 3833 844 3897 tertia,
866 3832 948 3885 tertia
969 3847 1047 3899 pars:
1073 3830 1154 3883 105110
1173 3828 1295 3882 5051550-

213 3904 277 3968 287;
315 3902 579 3970 quinquagenarium
608 3905 718 3971 tempus
790 3903 879 3956 tueris
899 3906 948 3969 153
973 3905 1088 3971 propter
1112 3918 1222 3954 usuram
1241 3905 1295 3954 ter-

213 3975 280 4038 2833
295 4003 327 4011 ·-
345 3976 454 4040 tempus
466 3977 514 4026 aut
526 3972 599 4025 diem
611 3978 718 4026 mutare
790 3975 857 4026 tiam
880 3978 987 4042 partem
1006 3973 1130 4041 accipere
1150 3976 1216 4038 1633
1241 3977 1295 4026 ter-

214 4043 253 4109 (in
270 4044 492 4112 preceptionibus
509 4044 592 4112 regis)
608 4047 669 4100 219.
790 4046 844 4097 tiae
872 4043 1061 4098 Romanorum
1091 4049 1116 4099 3.
1145 4047 1205 4099 278.
1234 4047 1294 4099 281.

176 4117 284 4170 tenere:
310 4132 404 4168 servus
430 4133 446 4168 a
470 4114 559 4168 iudice
583 4115 718 4168 tenendus
789 4119 858 4179 2843
877 4116 987 4168 tertiam
1005 4115 1120 4169 reddere
1138 4119 1199 4171 281.

214 4189 280 4250 1753
305 4185 386 4239 fiscus
404 4185 438 4240 de
457 4186 642 4254 quorumlibet
659 4186 718 4239 iure
754 4187 856 4240 tesauri
873 4187 976 4254 publici
993 4189 1055 4242 209.

212 4255 403 4324 quodcumque
430 4261 526 4311 tenens
554 4261 620 4323 2853
649 4274 718 4324 quse
754 4261 949 4310 testamentum
963 4261 1004 4312 15.
1019 4260 1220 4313 1251113104.
1234 4261 1295 4312 212.

213 4327 318 4396 legibus
337 4346 394 4381 non
411 4332 540 4381 tenentur
560 4331 619 4384 189.
790 4332 851 4384 220.
870 4332 931 4383 221.
952 4331 1012 4383 318.
1036 4332 1103 4393 322;
1129 4331 1295 4384 1οο51505-

176 4401 270 4451 tenor:
284 4402 303 4454 t.
317 4398 385 4467 legis
397 4403 464 4468 2235
477 4401 512 4464 ef.
525 4401 594 4468 322;
608 4404 627 4453 t.
642 4416 718 4451 5505-
791 4398 1022 4465 darealicui1633
1035 4399 1124 4451 aliena
1132 4403 1297 4452 testamenta

213 4468 270 4521 dati
289 4473 331 4525 87.
791 4471 961 4538 subprimere
997 4474 1064 4537 22ος
1101 4474 1296 4523 testamentum
