<?xml version="1.0" encoding="UTF-8"?>
<!DOCTYPE html PUBLIC "-//W3C//DTD XHTML 1.0 Transitional//EN"
    "http://www.w3.org/TR/xhtml1/DTD/xhtml1-transitional.dtd">
<html xmlns="http://www.w3.org/1999/xhtml" xml:lang="en" lang="en">
 <head>
  <title>
</title>
<meta http-equiv="Content-Type" content="text/html;charset=utf-8" />
  <meta name='ocr-system' content='tesseract 3.04.00' />
  <meta name='ocr-capabilities' content='ocr_page ocr_carea ocr_par ocr_line ocrx_word'/>
</head>
<body>
  <div class='ocr_page' id='page_1' title='image "./legesvisigothor00gaudgoog_0123.png"; bbox 0 0 3218 5202; ppageno 0'>
   <div class='ocr_carea' id='block_1_1' title="bbox 375 541 1294 612">
    <p class='ocr_par' dir='ltr' id='par_1_1' title="bbox 375 541 1294 612">
     <span class='ocr_line' id='line_1_1' title="bbox 375 541 1294 612; baseline 0.001 -12"><span class='ocrx_word' id='word_1_1' title='bbox 375 545 454 600; x_wconf 78' lang='lat' dir='ltr'>LEX</span> <span class='ocrx_word' id='word_1_2' title='bbox 471 543 588 599; x_wconf 82' lang='lat' dir='ltr'>VISIG.</span> <span class='ocrx_word' id='word_1_3' title='bbox 605 541 876 600; x_wconf 77' lang='lat' dir='ltr'>REGOESSVIND.</span> <span class='ocrx_word' id='word_1_4' title='bbox 911 541 967 610; x_wconf 88' lang='lat'>111,</span> <span class='ocrx_word' id='word_1_5' title='bbox 987 547 1011 612; x_wconf 88' lang='lat'>1,</span> <span class='ocrx_word' id='word_1_6' title='bbox 1030 546 1055 600; x_wconf 86' lang='lat'>5.</span> <span class='ocrx_word' id='word_1_7' title='bbox 1074 547 1100 600; x_wconf 82' lang='grc'>6.</span> <span class='ocrx_word' id='word_1_8' title='bbox 1261 548 1294 601; x_wconf 86' lang='grc'>91</span> 
     </span>
    </p>
   </div>
   <div class='ocr_carea' id='block_1_2' title="bbox 174 726 1297 3288">
    <p class='ocr_par' dir='ltr' id='par_1_2' title="bbox 174 726 1297 3112">
     <span class='ocr_line' id='line_1_2' title="bbox 175 726 1296 812; baseline 0 -20"><span class='ocrx_word' id='word_1_9' title='bbox 175 730 267 812; x_wconf 90' lang='lat' dir='ltr'>quod</span> <span class='ocrx_word' id='word_1_10' title='bbox 295 730 380 793; x_wconf 79' lang='lat' dir='ltr'>hac⁸</span> <span class='ocrx_word' id='word_1_11' title='bbox 409 729 486 811; x_wconf 87' lang='lat' dir='ltr'>lege</span> <span class='ocrx_word' id='word_1_12' title='bbox 511 729 742 805; x_wconf 85' lang='lat' dir='ltr'>constatesse</span> <span class='ocrx_word' id='word_1_13' title='bbox 766 726 978 810; x_wconf 85' lang='lat' dir='ltr'>permissum,</span> <span class='ocrx_word' id='word_1_14' title='bbox 1009 726 1046 788; x_wconf 90' lang='lat' dir='ltr'>id</span> <span class='ocrx_word' id='word_1_15' title='bbox 1076 729 1197 809; x_wconf 88' lang='lat' dir='ltr'>postea</span> <span class='ocrx_word' id='word_1_16' title='bbox 1222 727 1296 811; x_wconf 90' lang='lat' dir='ltr'>ipse</span> 
     </span>
     <span class='ocr_line' id='line_1_3' title="bbox 176 815 1295 898; baseline -0.003 -16"><span class='ocrx_word' id='word_1_17' title='bbox 176 817 368 883; x_wconf 84' lang='lat' dir='ltr'>convellere</span> <span class='ocrx_word' id='word_1_18' title='bbox 403 819 439 882; x_wconf 91' lang='lat' dir='ltr'>et</span> <span class='ocrx_word' id='word_1_19' title='bbox 472 817 510 879; x_wconf 91' lang='lat' dir='ltr'>in</span> <span class='ocrx_word' id='word_1_20' title='bbox 538 815 624 878; x_wconf 93' lang='lat' dir='ltr'>iuris</span> <span class='ocrx_word' id='word_1_21' title='bbox 658 815 711 878; x_wconf 94' lang='lat' dir='ltr'>sui</span> <span class='ocrx_word' id='word_1_22' title='bbox 745 817 954 898; x_wconf 88' lang='lat' dir='ltr'>potestatem</span> <span class='ocrx_word' id='word_1_23' title='bbox 988 815 1151 880; x_wconf 81' lang='lat' dir='ltr'>reducere</span> <span class='ocrx_word' id='word_1_24' title='bbox 1186 815 1295 880; x_wconf 90' lang='lat' dir='ltr'>libero</span> 
     </span>
     <span class='ocr_line' id='line_1_4' title="bbox 175 899 1292 991; baseline -0.003 -21"><span class='ocrx_word' id='word_1_25' title='bbox 175 907 329 991; x_wconf 90' lang='lat' dir='ltr'>potietur</span> <span class='ocrx_word' id='word_1_26' title='bbox 349 905 501 969; x_wconf 86' lang='lat' dir='ltr'>arbitrio.</span> <span class='ocrx_word' id='word_1_27' title='bbox 549 903 610 968; x_wconf 83' lang='lat' dir='ltr'>Sin</span> <span class='ocrx_word' id='word_1_28' title='bbox 628 905 746 968; x_wconf 86' lang='lat' dir='ltr'>autem</span> <span class='ocrx_word' id='word_1_29' title='bbox 770 899 849 966; x_wconf 85' lang='lat' dir='ltr'>autt</span> <span class='ocrx_word' id='word_1_30' title='bbox 871 903 1057 968; x_wconf 89' lang='lat' dir='ltr'>iuramenti</span> <span class='ocrx_word' id='word_1_31' title='bbox 1078 904 1292 968; x_wconf 73' lang='lat' dir='ltr'>reverentiall</span> 
     </span>
     <span class='ocr_line' id='line_1_5' title="bbox 176 991 1295 1079; baseline -0.002 -21"><span class='ocrx_word' id='word_1_32' title='bbox 176 996 319 1079; x_wconf 84' lang='lat' dir='ltr'>pavidus</span> <span class='ocrx_word' id='word_1_33' title='bbox 344 997 414 1071; x_wconf 90' lang='lat' dir='ltr'>aut,</span> <span class='ocrx_word' id='word_1_34' title='bbox 439 996 480 1056; x_wconf 91' lang='lat' dir='ltr'>ut</span> <span class='ocrx_word' id='word_1_35' title='bbox 503 993 600 1069; x_wconf 87' lang='lat' dir='ltr'>solet,</span> <span class='ocrx_word' id='word_1_36' title='bbox 624 991 846 1075; x_wconf 74' lang='lat' dir='ltr'>neglegentia</span> <span class='ocrx_word' id='word_1_37' title='bbox 866 991 1014 1068; x_wconf 87' lang='lat' dir='ltr'>deditus,</span> <span class='ocrx_word' id='word_1_38' title='bbox 1040 993 1131 1074; x_wconf 93' lang='lat' dir='ltr'>quod</span> <span class='ocrx_word' id='word_1_39' title='bbox 1148 992 1295 1075; x_wconf 86' lang='lat' dir='ltr'>amplius</span> 
     </span>
     <span class='ocr_line' id='line_1_6' title="bbox 176 1080 1295 1167; baseline -0.001 -21"><span class='ocrx_word' id='word_1_40' title='bbox 176 1103 298 1167; x_wconf 88' lang='lat' dir='ltr'>sponse</span> <span class='ocrx_word' id='word_1_41' title='bbox 329 1083 482 1158; x_wconf 88' lang='lat' dir='ltr'>dederat,</span> <span class='ocrx_word' id='word_1_42' title='bbox 513 1101 672 1146; x_wconf 85' lang='lat' dir='ltr'>revocare</span> <span class='ocrx_word' id='word_1_43' title='bbox 703 1082 765 1144; x_wconf 89' lang='lat' dir='ltr'>aut</span> <span class='ocrx_word' id='word_1_44' title='bbox 795 1100 960 1144; x_wconf 86' lang='lat' dir='ltr'>evacuare</span> <span class='ocrx_word' id='word_1_45' title='bbox 987 1080 1139 1144; x_wconf 89' lang='lat' dir='ltr'>noluerit</span> <span class='ocrx_word' id='word_1_46' title='bbox 1161 1080 1217 1145; x_wconf 85' lang='lat' dir='ltr'>vel</span> <span class='ocrx_word' id='word_1_47' title='bbox 1240 1102 1295 1145; x_wconf 89' lang='lat' dir='ltr'>ne·</span> 
     </span>
     <span class='ocr_line' id='line_1_7' title="bbox 175 1168 1296 1254; baseline -0.002 -20"><span class='ocrx_word' id='word_1_48' title='bbox 175 1172 333 1254; x_wconf 73' lang='lat' dir='ltr'>quiverit,</span> <span class='ocrx_word' id='word_1_49' title='bbox 351 1193 420 1234; x_wconf 90' lang='lat' dir='ltr'>non</span> <span class='ocrx_word' id='word_1_50' title='bbox 437 1169 610 1254; x_wconf 88' lang='lat' dir='ltr'>oportebit</span> <span class='ocrx_word' id='word_1_51' title='bbox 625 1169 728 1232; x_wconf 90' lang='lat' dir='ltr'>unius</span> <span class='ocrx_word' id='word_1_52' title='bbox 743 1169 928 1252; x_wconf 90' lang='lat' dir='ltr'>tepiditate</span> <span class='ocrx_word' id='word_1_53' title='bbox 945 1168 1064 1232; x_wconf 88' lang='lat' dir='ltr'>multis</span> <span class='ocrx_word' id='word_1_54' title='bbox 1081 1169 1296 1233; x_wconf 88' lang='lat' dir='ltr'>adfuturum</span> 
     </span>
     <span class='ocr_line' id='line_1_8' title="bbox 176 1257 1296 1341; baseline -0.003 -18"><span class='ocrx_word' id='word_1_55' title='bbox 176 1261 301 1323; x_wconf 90' lang='lat' dir='ltr'>damna</span> <span class='ocrx_word' id='word_1_56' title='bbox 330 1259 466 1323; x_wconf 88' lang='lat' dir='ltr'>nutriri.</span> <span class='ocrx_word' id='word_1_57' title='bbox 514 1257 582 1322; x_wconf 83' lang='lat' dir='ltr'>Sed</span> <span class='ocrx_word' id='word_1_58' title='bbox 606 1258 688 1321; x_wconf 93' lang='lat' dir='ltr'>dum</span> <span class='ocrx_word' id='word_1_59' title='bbox 712 1257 827 1340; x_wconf 83' lang='lat' dir='ltr'>sponsi</span> <span class='ocrx_word' id='word_1_60' title='bbox 850 1260 1010 1340; x_wconf 89' lang='lat' dir='ltr'>parentes</span> <span class='ocrx_word' id='word_1_61' title='bbox 1033 1257 1088 1322; x_wconf 83' lang='lat' dir='ltr'>vel</span> <span class='ocrx_word' id='word_1_62' title='bbox 1112 1258 1296 1341; x_wconf 90' lang='lat' dir='ltr'>propinqui</span> 
     </span>
     <span class='ocr_line' id='line_1_9' title="bbox 174 1345 1296 1430; baseline -0.002 -20"><span class='ocrx_word' id='word_1_63' title='bbox 174 1348 246 1412; x_wconf 89' lang='lat' dir='ltr'>tale</span> <span class='ocrx_word' id='word_1_64' title='bbox 269 1349 424 1412; x_wconf 78' lang='lat' dir='ltr'>facturnv</span> <span class='ocrx_word' id='word_1_65' title='bbox 444 1346 655 1430; x_wconf 83' lang='lat' dir='ltr'>agnoverint,</span> <span class='ocrx_word' id='word_1_66' title='bbox 680 1346 848 1422; x_wconf 84' lang='lat' dir='ltr'>universa,</span> <span class='ocrx_word' id='word_1_67' title='bbox 873 1366 939 1428; x_wconf 92' lang='lat' dir='ltr'>que</span> <span class='ocrx_word' id='word_1_68' title='bbox 956 1345 1043 1429; x_wconf 89' lang='lat' dir='ltr'>plus,</span> <span class='ocrx_word' id='word_1_69' title='bbox 1069 1367 1171 1428; x_wconf 86' lang='lat' dir='ltr'>quam</span> <span class='ocrx_word' id='word_1_70' title='bbox 1193 1365 1296 1430; x_wconf 90' lang='lat' dir='ltr'>supra</span> 
     </span>
     <span class='ocr_line' id='line_1_10' title="bbox 175 1433 1294 1519; baseline -0.003 -18"><span class='ocrx_word' id='word_1_71' title='bbox 175 1440 333 1501; x_wconf 83' lang='lat' dir='ltr'>taxatum</span> <span class='ocrx_word' id='word_1_72' title='bbox 363 1440 429 1514; x_wconf 87' lang='lat' dir='ltr'>est,</span> <span class='ocrx_word' id='word_1_73' title='bbox 460 1437 622 1519; x_wconf 80' lang='lat' dir='ltr'>isponseW</span> <span class='ocrx_word' id='word_1_74' title='bbox 653 1433 791 1498; x_wconf 90' lang='lat' dir='ltr'>conlata</span> <span class='ocrx_word' id='word_1_75' title='bbox 821 1437 916 1510; x_wconf 90' lang='lat' dir='ltr'>sunt,</span> <span class='ocrx_word' id='word_1_76' title='bbox 949 1454 1009 1498; x_wconf 94' lang='lat' dir='ltr'>suo</span> <span class='ocrx_word' id='word_1_77' title='bbox 1040 1434 1134 1498; x_wconf 88' lang='lat' dir='ltr'>iuri¹</span> <span class='ocrx_word' id='word_1_78' title='bbox 1167 1433 1294 1516; x_wconf 79' lang='lat' dir='ltr'>absque</span> 
     </span>
     <span class='ocr_line' id='line_1_11' title="bbox 176 1519 1295 1608; baseline -0.003 -19"><span class='ocrx_word' id='word_1_79' title='bbox 176 1525 376 1607; x_wconf 89' lang='lat' dir='ltr'>cuiusquam</span> <span class='ocrx_word' id='word_1_80' title='bbox 404 1523 658 1608; x_wconf 85' lang='lat' dir='ltr'>preiudiciumy</span> <span class='ocrx_word' id='word_1_81' title='bbox 689 1523 887 1606; x_wconf 90' lang='lat' dir='ltr'>perenniter</span> <span class='ocrx_word' id='word_1_82' title='bbox 908 1522 1145 1586; x_wconf 85' lang='lat' dir='ltr'>vindicabunt.</span> <span class='ocrx_word' id='word_1_83' title='bbox 1193 1519 1295 1586; x_wconf 74' lang='lat' dir='ltr'>Certe</span> 
     </span>
     <span class='ocr_line' id='line_1_12' title="bbox 176 1611 1295 1695; baseline -0.003 -18"><span class='ocrx_word' id='word_1_84' title='bbox 176 1615 204 1678; x_wconf 91' lang='lat' dir='ltr'>si</span> <span class='ocrx_word' id='word_1_85' title='bbox 225 1615 296 1676; x_wconf 90' lang='lat' dir='ltr'>iam</span> <span class='ocrx_word' id='word_1_86' title='bbox 318 1614 371 1676; x_wconf 85' lang='lat' dir='ltr'>vir</span> <span class='ocrx_word' id='word_1_87' title='bbox 393 1613 525 1677; x_wconf 89' lang='lat' dir='ltr'>habens</span> <span class='ocrx_word' id='word_1_88' title='bbox 551 1632 701 1688; x_wconf 82' lang='lat' dir='ltr'>uxorem,</span> <span class='ocrx_word' id='word_1_89' title='bbox 734 1614 910 1675; x_wconf 87' lang='lat' dir='ltr'>transacto</span> <span class='ocrx_word' id='word_1_90' title='bbox 940 1611 1072 1676; x_wconf 87' lang='lat' dir='ltr'>scilicet</span> <span class='ocrx_word' id='word_1_91' title='bbox 1102 1632 1201 1686; x_wconf 85' lang='lat' dir='ltr'>anno,</span> <span class='ocrx_word' id='word_1_92' title='bbox 1233 1631 1295 1695; x_wconf 95' lang='lat' dir='ltr'>pro</span> 
     </span>
     <span class='ocr_line' id='line_1_13' title="bbox 176 1699 1295 1783; baseline -0.004 -17"><span class='ocrx_word' id='word_1_93' title='bbox 176 1702 361 1766; x_wconf 73' lang='lat' dir='ltr'>dilectione</span> <span class='ocrx_word' id='word_1_94' title='bbox 383 1701 440 1766; x_wconf 86' lang='lat' dir='ltr'>vel</span> <span class='ocrx_word' id='word_1_95' title='bbox 463 1701 585 1765; x_wconf 90' lang='lat' dir='ltr'>merito</span> <span class='ocrx_word' id='word_1_96' title='bbox 610 1699 800 1783; x_wconf 84' lang='lat' dir='ltr'>coniugalis</span> <span class='ocrx_word' id='word_1_97' title='bbox 831 1699 986 1782; x_wconf 89' lang='lat' dir='ltr'>obsequii</span> <span class='ocrx_word' id='word_1_98' title='bbox 1016 1699 1048 1764; x_wconf 91' lang='lat' dir='ltr'>ei</span> <span class='ocrx_word' id='word_1_99' title='bbox 1078 1699 1210 1782; x_wconf 90' lang='lat' dir='ltr'>aliquid</span> <span class='ocrx_word' id='word_1_100' title='bbox 1240 1700 1295 1763; x_wconf 92' lang='lat' dir='ltr'>do-</span> 
     </span>
     <span class='ocr_line' id='line_1_14' title="bbox 175 1787 1295 1874; baseline -0.003 -21"><span class='ocrx_word' id='word_1_101' title='bbox 175 1811 256 1854; x_wconf 90' lang='lat' dir='ltr'>nare</span> <span class='ocrx_word' id='word_1_102' title='bbox 292 1790 475 1874; x_wconf 88' lang='lat' dir='ltr'>helegerit,</span> <span class='ocrx_word' id='word_1_103' title='bbox 510 1789 688 1853; x_wconf 88' lang='lat' dir='ltr'>licentiam</span> <span class='ocrx_word' id='word_1_104' title='bbox 721 1789 965 1852; x_wconf 82' lang='lat' dir='ltr'>incunctanter</span> <span class='ocrx_word' id='word_1_105' title='bbox 994 1788 1147 1852; x_wconf 90' lang='lat' dir='ltr'>habebit.</span> <span class='ocrx_word' id='word_1_106' title='bbox 1205 1787 1295 1852; x_wconf 90' lang='lat' dir='ltr'>Nam</span> 
     </span>
     <span class='ocr_line' id='line_1_15' title="bbox 175 1876 1296 1943; baseline -0.002 -2"><span class='ocrx_word' id='word_1_107' title='bbox 175 1901 244 1942; x_wconf 91' lang='lat' dir='ltr'>non</span> <span class='ocrx_word' id='word_1_108' title='bbox 276 1879 378 1943; x_wconf 87' lang='lat' dir='ltr'>aliter</span> <span class='ocrx_word' id='word_1_109' title='bbox 406 1878 500 1941; x_wconf 88' lang='lat' dir='ltr'>infra</span> <span class='ocrx_word' id='word_1_110' title='bbox 527 1877 609 1940; x_wconf 91' lang='lat' dir='ltr'>anni</span> <span class='ocrx_word' id='word_1_111' title='bbox 637 1876 803 1941; x_wconf 89' lang='lat' dir='ltr'>circulum</span> <span class='ocrx_word' id='word_1_112' title='bbox 832 1877 976 1940; x_wconf 89' lang='lat' dir='ltr'>maritus</span> <span class='ocrx_word' id='word_1_113' title='bbox 1004 1877 1041 1940; x_wconf 93' lang='lat' dir='ltr'>in</span> <span class='ocrx_word' id='word_1_114' title='bbox 1063 1897 1204 1941; x_wconf 86' lang='lat' dir='ltr'>uxorem</span> <span class='ocrx_word' id='word_1_115' title='bbox 1234 1897 1296 1940; x_wconf 90' lang='lat' dir='ltr'>seu</span> 
     </span>
     <span class='ocr_line' id='line_1_16' title="bbox 176 1965 1294 2049; baseline -0.002 -19"><span class='ocrx_word' id='word_1_116' title='bbox 176 1966 299 2031; x_wconf 90' lang='lat' dir='ltr'>mulier</span> <span class='ocrx_word' id='word_1_117' title='bbox 327 1967 366 2030; x_wconf 92' lang='lat' dir='ltr'>iu</span> <span class='ocrx_word' id='word_1_118' title='bbox 395 1967 571 2042; x_wconf 89' lang='lat' dir='ltr'>maritum,</span> <span class='ocrx_word' id='word_1_119' title='bbox 604 1969 746 2049; x_wconf 85' lang='lat' dir='ltr'>excepto</span> <span class='ocrx_word' id='word_1_120' title='bbox 778 1965 903 2040; x_wconf 91' lang='lat' dir='ltr'>dotem,</span> <span class='ocrx_word' id='word_1_121' title='bbox 934 1968 975 2028; x_wconf 91' lang='lat' dir='ltr'>ut</span> <span class='ocrx_word' id='word_1_122' title='bbox 1005 1965 1201 2049; x_wconf 89' lang='lat' dir='ltr'>predictum</span> <span class='ocrx_word' id='word_1_123' title='bbox 1232 1968 1294 2042; x_wconf 91' lang='lat' dir='ltr'>est,</span> 
     </span>
     <span class='ocr_line' id='line_1_17' title="bbox 177 2054 1295 2136; baseline -0.003 -17"><span class='ocrx_word' id='word_1_124' title='bbox 177 2056 279 2119; x_wconf 87' lang='lat' dir='ltr'>aliam</span> <span class='ocrx_word' id='word_1_125' title='bbox 303 2056 524 2120; x_wconf 89' lang='lat' dir='ltr'>donationem</span> <span class='ocrx_word' id='word_1_126' title='bbox 548 2054 762 2119; x_wconf 87' lang='lat' dir='ltr'>conscribere</span> <span class='ocrx_word' id='word_1_127' title='bbox 786 2054 973 2136; x_wconf 87' lang='lat' dir='ltr'>potuerint,</span> <span class='ocrx_word' id='word_1_128' title='bbox 1001 2054 1068 2117; x_wconf 89' lang='lat' dir='ltr'>nisi</span> <span class='ocrx_word' id='word_1_129' title='bbox 1091 2055 1225 2136; x_wconf 82' lang='lat' dir='ltr'>gravati</span> <span class='ocrx_word' id='word_1_130' title='bbox 1248 2054 1295 2116; x_wconf 92' lang='lat' dir='ltr'>in·</span> 
     </span>
     <span class='ocr_line' id='line_1_18' title="bbox 176 2142 1295 2228; baseline -0.002 -21"><span class='ocrx_word' id='word_1_131' title='bbox 176 2145 359 2208; x_wconf 74' lang='lat' dir='ltr'>firmitate²</span> <span class='ocrx_word' id='word_1_132' title='bbox 388 2143 579 2228; x_wconf 89' lang='lat' dir='ltr'>periculum</span> <span class='ocrx_word' id='word_1_133' title='bbox 604 2143 669 2206; x_wconf 90' lang='lat' dir='ltr'>sibi</span> <span class='ocrx_word' id='word_1_134' title='bbox 692 2143 811 2206; x_wconf 87' lang='lat' dir='ltr'>mortis</span> <span class='ocrx_word' id='word_1_135' title='bbox 834 2142 1023 2206; x_wconf 72' lang='lat' dir='ltr'>inminerea</span> <span class='ocrx_word' id='word_1_136' title='bbox 1049 2143 1295 2226; x_wconf 83' lang='lat' dir='ltr'>prespexerint.</span> 
     </span>
     <span class='ocr_line' id='line_1_19' title="bbox 175 2230 1294 2314; baseline -0.001 -19"><span class='ocrx_word' id='word_1_137' title='bbox 175 2233 228 2297; x_wconf 91' lang='lat' dir='ltr'>De</span> <span class='ocrx_word' id='word_1_138' title='bbox 264 2233 387 2297; x_wconf 89' lang='lat' dir='ltr'>ceteris</span> <span class='ocrx_word' id='word_1_139' title='bbox 421 2252 516 2309; x_wconf 87' lang='lat' dir='ltr'>vero,</span> <span class='ocrx_word' id='word_1_140' title='bbox 556 2231 615 2314; x_wconf 93' lang='lat' dir='ltr'>qui</span> <span class='ocrx_word' id='word_1_141' title='bbox 649 2230 803 2294; x_wconf 91' lang='lat' dir='ltr'>nubendi</span> <span class='ocrx_word' id='word_1_142' title='bbox 837 2231 1064 2294; x_wconf 83' lang='lat' dir='ltr'>volumtatem</span> <span class='ocrx_word' id='word_1_143' title='bbox 1098 2231 1294 2307; x_wconf 87' lang='lat' dir='ltr'>habuerint,</span> 
     </span>
     <span class='ocr_line' id='line_1_20' title="bbox 177 2319 1295 2404; baseline -0.001 -20"><span class='ocrx_word' id='word_1_144' title='bbox 177 2321 306 2385; x_wconf 88' lang='lat' dir='ltr'>salubri</span> <span class='ocrx_word' id='word_1_145' title='bbox 341 2321 445 2384; x_wconf 90' lang='lat' dir='ltr'>etiam</span> <span class='ocrx_word' id='word_1_146' title='bbox 480 2320 656 2404; x_wconf 88' lang='lat' dir='ltr'>proposito</span> <span class='ocrx_word' id='word_1_147' title='bbox 690 2319 941 2403; x_wconf 84' lang='lat' dir='ltr'>providendum</span> <span class='ocrx_word' id='word_1_148' title='bbox 976 2320 1295 2402; x_wconf 89' lang='lat' dir='ltr'>decernendumque</span> 
     </span>
     <span class='ocr_line' id='line_1_21' title="bbox 178 2407 1296 2492; baseline -0.003 -19"><span class='ocrx_word' id='word_1_149' title='bbox 178 2409 381 2486; x_wconf 81' lang='lat' dir='ltr'>curabimus,</span> <span class='ocrx_word' id='word_1_150' title='bbox 409 2412 450 2472; x_wconf 93' lang='lat' dir='ltr'>ut</span> <span class='ocrx_word' id='word_1_151' title='bbox 473 2409 532 2492; x_wconf 92' lang='lat' dir='ltr'>qui</span> <span class='ocrx_word' id='word_1_152' title='bbox 554 2409 591 2471; x_wconf 92' lang='lat' dir='ltr'>in</span> <span class='ocrx_word' id='word_1_153' title='bbox 613 2408 715 2472; x_wconf 89' lang='lat' dir='ltr'>rebus</span> <span class='ocrx_word' id='word_1_154' title='bbox 740 2407 898 2471; x_wconf 91' lang='lat' dir='ltr'>omnibus</span> <span class='ocrx_word' id='word_1_155' title='bbox 923 2408 1040 2472; x_wconf 91' lang='lat' dir='ltr'>decem</span> <span class='ocrx_word' id='word_1_156' title='bbox 1064 2408 1198 2471; x_wconf 90' lang='lat' dir='ltr'>milium</span> <span class='ocrx_word' id='word_1_157' title='bbox 1221 2407 1296 2472; x_wconf 90' lang='lat' dir='ltr'>soli-</span> 
     </span>
     <span class='ocr_line' id='line_1_22' title="bbox 178 2496 1296 2572; baseline -0.002 -12"><span class='ocrx_word' id='word_1_158' title='bbox 178 2499 299 2562; x_wconf 92' lang='lat' dir='ltr'>dorum</span> <span class='ocrx_word' id='word_1_159' title='bbox 323 2498 481 2561; x_wconf 89' lang='lat' dir='ltr'>dominus</span> <span class='ocrx_word' id='word_1_160' title='bbox 506 2517 577 2561; x_wconf 93' lang='lat' dir='ltr'>esse</span> <span class='ocrx_word' id='word_1_161' title='bbox 602 2496 801 2571; x_wconf 86' lang='lat' dir='ltr'>dinoscitur,</span> <span class='ocrx_word' id='word_1_162' title='bbox 833 2496 877 2559; x_wconf 86' lang='lat' dir='ltr'>ad</span> <span class='ocrx_word' id='word_1_163' title='bbox 901 2496 996 2560; x_wconf 92' lang='lat' dir='ltr'>mille</span> <span class='ocrx_word' id='word_1_164' title='bbox 1020 2496 1156 2572; x_wconf 89' lang='lat' dir='ltr'>solidos,</span> <span class='ocrx_word' id='word_1_165' title='bbox 1181 2517 1296 2560; x_wconf 90' lang='lat' dir='ltr'>rerum</span> 
     </span>
     <span class='ocr_line' id='line_1_23' title="bbox 177 2585 1296 2669; baseline 0 -21"><span class='ocrx_word' id='word_1_166' title='bbox 177 2587 414 2651; x_wconf 80' lang='lat' dir='ltr'>universarum</span> <span class='ocrx_word' id='word_1_167' title='bbox 448 2585 710 2669; x_wconf 89' lang='lat' dir='ltr'>contropatione</span> <span class='ocrx_word' id='word_1_168' title='bbox 744 2585 878 2660; x_wconf 89' lang='lat' dir='ltr'>habita,</span> <span class='ocrx_word' id='word_1_169' title='bbox 918 2585 955 2647; x_wconf 90' lang='lat' dir='ltr'>in</span> <span class='ocrx_word' id='word_1_170' title='bbox 988 2585 1126 2649; x_wconf 87' lang='lat' dir='ltr'>nomine</span> <span class='ocrx_word' id='word_1_171' title='bbox 1160 2585 1296 2668; x_wconf 88' lang='lat' dir='ltr'>isponse</span> 
     </span>
     <span class='ocr_line' id='line_1_24' title="bbox 178 2667 1297 2739; baseline -0.002 -2"><span class='ocrx_word' id='word_1_172' title='bbox 178 2667 260 2738; x_wconf 85' lang='lat' dir='ltr'>sueb</span> <span class='ocrx_word' id='word_1_173' title='bbox 301 2675 418 2739; x_wconf 92' lang='lat' dir='ltr'>dotem</span> <span class='ocrx_word' id='word_1_174' title='bbox 453 2674 657 2738; x_wconf 90' lang='lat' dir='ltr'>conscribat.</span> <span class='ocrx_word' id='word_1_175' title='bbox 716 2672 780 2738; x_wconf 85' lang='lat' dir='ltr'>Oui</span> <span class='ocrx_word' id='word_1_176' title='bbox 819 2676 936 2737; x_wconf 90' lang='lat' dir='ltr'>autem</span> <span class='ocrx_word' id='word_1_177' title='bbox 974 2672 1069 2738; x_wconf 89' lang='lat' dir='ltr'>mille</span> <span class='ocrx_word' id='word_1_178' title='bbox 1109 2673 1297 2738; x_wconf 90' lang='lat' dir='ltr'>solidorum</span> 
     </span>
     <span class='ocr_line' id='line_1_25' title="bbox 178 2761 1297 2840; baseline -0.003 -14"><span class='ocrx_word' id='word_1_179' title='bbox 178 2763 326 2826; x_wconf 78' lang='lat' dir='ltr'>facultas</span> <span class='ocrx_word' id='word_1_180' title='bbox 358 2766 423 2840; x_wconf 88' lang='lat' dir='ltr'>est,</span> <span class='ocrx_word' id='word_1_181' title='bbox 458 2764 500 2827; x_wconf 93' lang='lat' dir='ltr'>de</span> <span class='ocrx_word' id='word_1_182' title='bbox 531 2765 671 2827; x_wconf 89' lang='lat' dir='ltr'>centum</span> <span class='ocrx_word' id='word_1_183' title='bbox 704 2761 821 2825; x_wconf 88' lang='lat' dir='ltr'>solidis</span> <span class='ocrx_word' id='word_1_184' title='bbox 855 2762 920 2825; x_wconf 90' lang='lat' dir='ltr'>tali</span> <span class='ocrx_word' id='word_1_185' title='bbox 950 2761 1149 2826; x_wconf 89' lang='lat' dir='ltr'>aderatione</span> <span class='ocrx_word' id='word_1_186' title='bbox 1181 2762 1297 2826; x_wconf 92' lang='lat' dir='ltr'>dotem</span> 
     </span>
     <span class='ocr_line' id='line_1_26' title="bbox 178 2849 1296 2916; baseline -0.001 -3"><span class='ocrx_word' id='word_1_187' title='bbox 178 2851 333 2916; x_wconf 89' lang='lat' dir='ltr'>facturus</span> <span class='ocrx_word' id='word_1_188' title='bbox 364 2855 425 2915; x_wconf 87' lang='lat' dir='ltr'>est.</span> <span class='ocrx_word' id='word_1_189' title='bbox 480 2851 525 2915; x_wconf 82' lang='lat' dir='ltr'>Et</span> <span class='ocrx_word' id='word_1_190' title='bbox 560 2852 608 2914; x_wconf 89' lang='lat' dir='ltr'>sic</span> <span class='ocrx_word' id='word_1_191' title='bbox 644 2854 698 2914; x_wconf 91' lang='lat' dir='ltr'>sta</span> <span class='ocrx_word' id='word_1_192' title='bbox 728 2851 931 2914; x_wconf 87' lang='lat' dir='ltr'>constitutio</span> <span class='ocrx_word' id='word_1_193' title='bbox 961 2850 1087 2914; x_wconf 89' lang='lat' dir='ltr'>dotalis</span> <span class='ocrx_word' id='word_1_194' title='bbox 1120 2850 1218 2913; x_wconf 90' lang='lat' dir='ltr'>tituli</span> <span class='ocrx_word' id='word_1_195' title='bbox 1252 2849 1296 2912; x_wconf 90' lang='lat' dir='ltr'>ad</span> 
     </span>
     <span class='ocr_line' id='line_1_27' title="bbox 178 2938 1297 3023; baseline -0.001 -21"><span class='ocrx_word' id='word_1_196' title='bbox 178 2940 336 3004; x_wconf 87' lang='lat' dir='ltr'>ultimam</span> <span class='ocrx_word' id='word_1_197' title='bbox 365 2959 473 3023; x_wconf 92' lang='lat' dir='ltr'>usque</span> <span class='ocrx_word' id='word_1_198' title='bbox 504 2940 567 3004; x_wconf 77' lang='lat' dir='ltr'>ad⁰</span> <span class='ocrx_word' id='word_1_199' title='bbox 601 2960 769 3002; x_wconf 89' lang='lat' dir='ltr'>summam</span> <span class='ocrx_word' id='word_1_200' title='bbox 799 2939 893 3003; x_wconf 90' lang='lat' dir='ltr'>omni</span> <span class='ocrx_word' id='word_1_201' title='bbox 923 2939 1155 3003; x_wconf 81' lang='lat' dir='ltr'>controversia</span> <span class='ocrx_word' id='word_1_202' title='bbox 1184 2938 1297 3021; x_wconf 89' lang='lat' dir='ltr'>sopita</span> 
     </span>
     <span class='ocr_line' id='line_1_28' title="bbox 178 3029 363 3112; baseline -0.016 -19"><span class='ocrx_word' id='word_1_203' title='bbox 178 3029 363 3112; x_wconf 87' lang='lat' dir='ltr'>perveniet.</span> 
     </span>
    </p>

    <p class='ocr_par' dir='ltr' id='par_1_3' title="bbox 179 3115 1297 3288">
     <span class='ocr_line' id='line_1_29' title="bbox 283 3115 1297 3200; baseline -0.002 -20"><span class='ocrx_word' id='word_1_204' title='bbox 283 3116 376 3180; x_wconf 90' lang='lat' dir='ltr'>Data</span> <span class='ocrx_word' id='word_1_205' title='bbox 400 3120 435 3181; x_wconf 88' lang='lat' dir='ltr'>et</span> <span class='ocrx_word' id='word_1_206' title='bbox 459 3117 660 3181; x_wconf 88' lang='lat' dir='ltr'>confirmata</span> <span class='ocrx_word' id='word_1_207' title='bbox 683 3116 738 3180; x_wconf 85' lang='lat' dir='ltr'>lex</span> <span class='ocrx_word' id='word_1_208' title='bbox 762 3116 871 3200; x_wconf 91' lang='lat' dir='ltr'>pridie</span> <span class='ocrx_word' id='word_1_209' title='bbox 894 3116 971 3179; x_wconf 90' lang='lat' dir='ltr'>idus</span> <span class='ocrx_word' id='word_1_210' title='bbox 992 3115 1180 3192; x_wconf 86' lang='lat' dir='ltr'>Ianuarias,</span> <span class='ocrx_word' id='word_1_211' title='bbox 1206 3135 1297 3179; x_wconf 90' lang='lat' dir='ltr'>anno</span> 
     </span>
     <span class='ocr_line' id='line_1_30' title="bbox 179 3204 741 3288; baseline -0.002 -21"><span class='ocrx_word' id='word_1_212' title='bbox 179 3204 327 3269; x_wconf 78' lang='lat' dir='ltr'>feliciter</span> <span class='ocrx_word' id='word_1_213' title='bbox 349 3205 455 3270; x_wconf 87' lang='lat' dir='ltr'>tertio</span> <span class='ocrx_word' id='word_1_214' title='bbox 478 3205 578 3288; x_wconf 83' lang='lat' dir='ltr'>regni</span> <span class='ocrx_word' id='word_1_215' title='bbox 600 3205 710 3269; x_wconf 89' lang='lat' dir='ltr'>nostri</span> <span class='ocrx_word' id='word_1_216' title='bbox 721 3204 741 3266; x_wconf 83' lang='lat'>1.</span> 
     </span>
    </p>
   </div>
   <div class='ocr_carea' id='block_1_3' title="bbox 180 3401 1296 3598">
    <p class='ocr_par' dir='ltr' id='par_1_4' title="bbox 180 3401 1296 3598">
     <span class='ocr_line' id='line_1_31' title="bbox 603 3401 870 3471; baseline 0.004 -15"><span class='ocrx_word' id='word_1_217' title='bbox 603 3401 655 3458; x_wconf 88' lang='lat' dir='ltr'>vr.</span> <span class='ocrx_word' id='word_1_218' title='bbox 686 3401 870 3471; x_wconf 75' lang='lat' dir='ltr'>Arrroun.</span> 
     </span>
     <span class='ocr_line' id='line_1_32' title="bbox 180 3513 1296 3598; baseline -0.003 -20"><span class='ocrx_word' id='word_1_219' title='bbox 180 3513 234 3578; x_wconf 88' lang='lat' dir='ltr'>Ut</span> <span class='ocrx_word' id='word_1_220' title='bbox 270 3515 413 3578; x_wconf 90' lang='lat' dir='ltr'>dotem</span> <span class='ocrx_word' id='word_1_221' title='bbox 447 3514 597 3598; x_wconf 92' lang='lat' dir='ltr'>puelle</span> <span class='ocrx_word' id='word_1_222' title='bbox 632 3517 759 3598; x_wconf 90' lang='lat' dir='ltr'>pater</span> <span class='ocrx_word' id='word_1_223' title='bbox 794 3513 943 3597; x_wconf 84' lang='lat' dir='ltr'>exigat</span> <span class='ocrx_word' id='word_1_224' title='bbox 978 3516 1020 3577; x_wconf 91' lang='lat' dir='ltr'>et</span> <span class='ocrx_word' id='word_1_225' title='bbox 1055 3517 1296 3578; x_wconf 86' lang='lat' dir='ltr'>conservet.</span> 
     </span>
    </p>
   </div>
   <div class='ocr_carea' id='block_1_4' title="bbox 178 3637 1298 4055">
    <p class='ocr_par' dir='ltr' id='par_1_5' title="bbox 178 3637 1298 4055">
     <span class='ocr_line' id='line_1_33' title="bbox 284 3637 1297 3722; baseline 0 -22"><span class='ocrx_word' id='word_1_226' title='bbox 284 3638 412 3702; x_wconf 92' lang='lat' dir='ltr'>Dotem</span> <span class='ocrx_word' id='word_1_227' title='bbox 441 3638 557 3722; x_wconf 90' lang='lat' dir='ltr'>puelle</span> <span class='ocrx_word' id='word_1_228' title='bbox 586 3639 751 3702; x_wconf 89' lang='lat' dir='ltr'>traditam</span> <span class='ocrx_word' id='word_1_229' title='bbox 779 3641 879 3722; x_wconf 88' lang='lat' dir='ltr'>pater</span> <span class='ocrx_word' id='word_1_230' title='bbox 906 3637 1066 3722; x_wconf 84' lang='lat' dir='ltr'>exigendi</span> <span class='ocrx_word' id='word_1_231' title='bbox 1087 3638 1143 3702; x_wconf 84' lang='lat' dir='ltr'>vel</span> <span class='ocrx_word' id='word_1_232' title='bbox 1166 3658 1297 3702; x_wconf 92' lang='lat' dir='ltr'>conser-</span> 
     </span>
     <span class='ocr_line' id='line_1_34' title="bbox 178 3724 1297 3811; baseline -0.001 -22"><span class='ocrx_word' id='word_1_233' title='bbox 178 3727 308 3790; x_wconf 65' lang='lat' dir='ltr'>randia</span> <span class='ocrx_word' id='word_1_234' title='bbox 340 3727 408 3810; x_wconf 89' lang='lat' dir='ltr'>ipsi</span> <span class='ocrx_word' id='word_1_235' title='bbox 437 3727 552 3810; x_wconf 88' lang='lat' dir='ltr'>puelle</span> <span class='ocrx_word' id='word_1_236' title='bbox 583 3727 712 3792; x_wconf 88' lang='lat' dir='ltr'>habeat</span> <span class='ocrx_word' id='word_1_237' title='bbox 741 3729 959 3810; x_wconf 88' lang='lat' dir='ltr'>potestatem.</span> <span class='ocrx_word' id='word_1_238' title='bbox 1011 3724 1112 3805; x_wconf 78' lang='lat' dir='ltr'>Quod</span> <span class='ocrx_word' id='word_1_239' title='bbox 1140 3726 1168 3789; x_wconf 92' lang='lat' dir='ltr'>si</span> <span class='ocrx_word' id='word_1_240' title='bbox 1198 3730 1297 3811; x_wconf 88' lang='lat' dir='ltr'>pater</span> 
     </span>
     <span class='ocr_line' id='line_1_35' title="bbox 178 3814 1297 3898; baseline 0.002 -21"><span class='ocrx_word' id='word_1_241' title='bbox 178 3814 232 3878; x_wconf 82' lang='lat' dir='ltr'>rel</span> <span class='ocrx_word' id='word_1_242' title='bbox 262 3818 374 3880; x_wconf 86' lang='lat' dir='ltr'>mater</span> <span class='ocrx_word' id='word_1_243' title='bbox 402 3815 586 3893; x_wconf 86' lang='lat' dir='ltr'>defuerint,</span> <span class='ocrx_word' id='word_1_244' title='bbox 617 3819 701 3879; x_wconf 90' lang='lat' dir='ltr'>tunc</span> <span class='ocrx_word' id='word_1_245' title='bbox 729 3815 855 3879; x_wconf 85' lang='lat' dir='ltr'>fratres</span> <span class='ocrx_word' id='word_1_246' title='bbox 882 3815 938 3878; x_wconf 86' lang='lat' dir='ltr'>vel</span> <span class='ocrx_word' id='word_1_247' title='bbox 968 3815 1114 3898; x_wconf 83' lang='lat' dir='ltr'>proximi</span> <span class='ocrx_word' id='word_1_248' title='bbox 1137 3818 1297 3898; x_wconf 90' lang='lat' dir='ltr'>parentes</span> 
     </span>
     <span class='ocr_line' id='line_1_36' title="bbox 180 3903 1298 3988; baseline 0.001 -23"><span class='ocrx_word' id='word_1_249' title='bbox 180 3903 304 3979; x_wconf 91' lang='lat' dir='ltr'>dotem,</span> <span class='ocrx_word' id='word_1_250' title='bbox 330 3923 432 3986; x_wconf 90' lang='lat' dir='ltr'>quam</span> <span class='ocrx_word' id='word_1_251' title='bbox 448 3903 670 3987; x_wconf 90' lang='lat' dir='ltr'>susceperint,</span> <span class='ocrx_word' id='word_1_252' title='bbox 694 3904 761 3988; x_wconf 89' lang='lat' dir='ltr'>ipsi</span> <span class='ocrx_word' id='word_1_253' title='bbox 777 3904 949 3968; x_wconf 90' lang='lat' dir='ltr'>consorori</span> <span class='ocrx_word' id='word_1_254' title='bbox 972 3922 1032 3967; x_wconf 89' lang='lat' dir='ltr'>sue</span> <span class='ocrx_word' id='word_1_255' title='bbox 1056 3904 1100 3967; x_wconf 90' lang='lat' dir='ltr'>ad</span> <span class='ocrx_word' id='word_1_256' title='bbox 1123 3903 1298 3986; x_wconf 84' lang='lat' dir='ltr'>integrum</span> 
     </span>
     <span class='ocr_line' id='line_1_37' title="bbox 180 3992 375 4055; baseline 0.005 -3"><span class='ocrx_word' id='word_1_257' title='bbox 180 3992 375 4055; x_wconf 89' lang='lat' dir='ltr'>restituant.</span> 
     </span>
    </p>
   </div>
   <div class='ocr_carea' id='block_1_5' title="bbox 180 4190 1298 4397">
    <p class='ocr_par' dir='ltr' id='par_1_6' title="bbox 180 4190 1298 4347">
     <span class='ocr_line' id='line_1_38' title="bbox 284 4190 1296 4242; baseline 0.001 -12"><span class='ocrx_word' id='word_1_258' title='bbox 284 4192 303 4238; x_wconf 80' lang='lat' dir='ltr'>s)</span> <span class='ocrx_word' id='word_1_259' title='bbox 318 4190 377 4230; x_wconf 80' lang='lat' dir='ltr'>hanc</span> <span class='ocrx_word' id='word_1_260' title='bbox 391 4191 437 4234; x_wconf 68' lang='lat'>121.</span> <span class='ocrx_word' id='word_1_261' title='bbox 519 4190 537 4242; x_wconf 84' lang='lat' dir='ltr'>t)</span> <span class='ocrx_word' id='word_1_262' title='bbox 551 4191 607 4230; x_wconf 71' lang='lat' dir='ltr'>deest</span> <span class='ocrx_word' id='word_1_263' title='bbox 620 4191 669 4232; x_wconf 75' lang='lat' dir='ltr'>Rc.</span> <span class='ocrx_word' id='word_1_264' title='bbox 751 4193 774 4238; x_wconf 88' lang='lat' dir='ltr'>u)</span> <span class='ocrx_word' id='word_1_265' title='bbox 788 4191 940 4230; x_wconf 76' lang='lat' dir='ltr'>reverentiam</span> <span class='ocrx_word' id='word_1_266' title='bbox 955 4191 1001 4232; x_wconf 68' lang='lat'>121.</span> <span class='ocrx_word' id='word_1_267' title='bbox 1082 4192 1106 4238; x_wconf 87' lang='lat' dir='ltr'>v)</span> <span class='ocrx_word' id='word_1_268' title='bbox 1120 4201 1170 4229; x_wconf 87' lang='lat' dir='ltr'>cum</span> <span class='ocrx_word' id='word_1_269' title='bbox 1186 4191 1237 4232; x_wconf 81' lang='lat' dir='ltr'>add.</span> <span class='ocrx_word' id='word_1_270' title='bbox 1250 4191 1296 4232; x_wconf 75' lang='grc' dir='ltr'>ΕΙ.</span> 
     </span>
     <span class='ocr_line' id='line_1_39' title="bbox 180 4241 1298 4295; baseline 0.001 -14"><span class='ocrx_word' id='word_1_271' title='bbox 180 4245 208 4290; x_wconf 86' lang='lat' dir='ltr'>w)</span> <span class='ocrx_word' id='word_1_272' title='bbox 222 4243 245 4282; x_wconf 84' lang='lat' dir='ltr'>fn</span> <span class='ocrx_word' id='word_1_273' title='bbox 259 4243 350 4292; x_wconf 80' lang='lat' dir='ltr'>isponse</span> <span class='ocrx_word' id='word_1_274' title='bbox 364 4244 410 4286; x_wconf 69' lang='lat'>121.</span> <span class='ocrx_word' id='word_1_275' title='bbox 464 4246 488 4291; x_wconf 84' lang='lat' dir='ltr'>x)</span> <span class='ocrx_word' id='word_1_276' title='bbox 502 4244 547 4283; x_wconf 88' lang='lat' dir='ltr'>iuri</span> <span class='ocrx_word' id='word_1_277' title='bbox 561 4255 580 4287; x_wconf 79' lang='lat' dir='ltr'>a.</span> <span class='ocrx_word' id='word_1_278' title='bbox 595 4244 727 4292; x_wconf 79' lang='lat' dir='ltr'>cuiusquam</span> <span class='ocrx_word' id='word_1_279' title='bbox 741 4245 784 4286; x_wconf 77' lang='lat' dir='ltr'>des.</span> <span class='ocrx_word' id='word_1_280' title='bbox 799 4244 847 4285; x_wconf 70' lang='grc' dir='ltr'>Μ.</span> <span class='ocrx_word' id='word_1_281' title='bbox 906 4246 930 4295; x_wconf 88' lang='lat' dir='ltr'>y)</span> <span class='ocrx_word' id='word_1_282' title='bbox 944 4241 1028 4283; x_wconf 82' lang='lat' dir='ltr'>iudicio</span> <span class='ocrx_word' id='word_1_283' title='bbox 1043 4244 1091 4286; x_wconf 70' lang='grc' dir='ltr'>ΒΞ.</span> <span class='ocrx_word' id='word_1_284' title='bbox 1146 4245 1165 4292; x_wconf 84' lang='lat' dir='ltr'>z)</span> <span class='ocrx_word' id='word_1_285' title='bbox 1180 4243 1298 4282; x_wconf 86' lang='lat' dir='ltr'>infirmita-</span> 
     </span>
     <span class='ocr_line' id='line_1_40' title="bbox 180 4297 1067 4347; baseline 0.002 -11"><span class='ocrx_word' id='word_1_286' title='bbox 180 4299 223 4336; x_wconf 83' lang='lat' dir='ltr'>tem</span> <span class='ocrx_word' id='word_1_287' title='bbox 237 4298 283 4339; x_wconf 67' lang='lat'>131.</span> <span class='ocrx_word' id='word_1_288' title='bbox 337 4297 668 4347; x_wconf 71' lang='lat' dir='ltr'>a)iraR2;1nrunereR1.</span> <span class='ocrx_word' id='word_1_289' title='bbox 723 4298 746 4345; x_wconf 93' lang='lat' dir='ltr'>b)</span> <span class='ocrx_word' id='word_1_290' title='bbox 761 4308 801 4337; x_wconf 85' lang='lat' dir='ltr'>seu</span> <span class='ocrx_word' id='word_1_291' title='bbox 815 4298 861 4339; x_wconf 66' lang='lat'>121.</span> <span class='ocrx_word' id='word_1_292' title='bbox 916 4297 1067 4345; x_wconf 60' lang='lat' dir='ltr'>emautur.</span> 
     </span>
    </p>

    <p class='ocr_par' dir='ltr' id='par_1_7' title="bbox 284 4349 615 4397">
     <span class='ocr_line' id='line_1_41' title="bbox 284 4349 615 4397; baseline 0.003 -8"><span class='ocrx_word' id='word_1_293' title='bbox 284 4350 323 4392; x_wconf 92' lang='lat' dir='ltr'>VI.</span> <span class='ocrx_word' id='word_1_294' title='bbox 364 4352 387 4397; x_wconf 79' lang='lat' dir='ltr'>a)</span> <span class='ocrx_word' id='word_1_295' title='bbox 400 4349 555 4390; x_wconf 73' lang='lat' dir='ltr'>conservande</span> <span class='ocrx_word' id='word_1_296' title='bbox 569 4351 615 4392; x_wconf 77' lang='grc' dir='ltr'>ΕΙ.</span> 
     </span>
    </p>
   </div>
   <div class='ocr_carea' id='block_1_6' title="bbox 180 4507 592 4575">
    <p class='ocr_par' dir='ltr' id='par_1_8' title="bbox 180 4465 592 4575">
     <span class='ocr_line' id='line_1_42' title="bbox 180 4507 592 4575; baseline 0.005 -13"><span class='ocrx_word' id='word_1_297' title='bbox 180 4507 205 4575; x_wconf 91' lang='grc'>1)</span> <span class='ocrx_word' id='word_1_298' title='bbox 222 4510 245 4564; x_wconf 89' lang='grc' dir='ltr'>Ι.</span> <span class='ocrx_word' id='word_1_299' title='bbox 264 4525 284 4562; x_wconf 82' lang='lat' dir='ltr'>c.</span> <span class='ocrx_word' id='word_1_300' title='bbox 304 4509 330 4563; x_wconf 88' lang='lat' dir='ltr'>d.</span> <span class='ocrx_word' id='word_1_301' title='bbox 351 4511 393 4563; x_wconf 80' lang='lat'>12.</span> <span class='ocrx_word' id='word_1_302' title='bbox 413 4510 473 4564; x_wconf 80' lang='lat' dir='ltr'>Ion.</span> <span class='ocrx_word' id='word_1_303' title='bbox 491 4525 517 4563; x_wconf 81' lang='lat' dir='ltr'>a.</span> <span class='ocrx_word' id='word_1_304' title='bbox 531 4511 592 4564; x_wconf 75' lang='lat'>644.</span> 
     </span>
    </p>
   </div>
   <div class='ocr_carea' id='block_1_7' title="bbox 0 0 1621 5202">
    <p class='ocr_par' dir='ltr' id='par_1_9' title="bbox 0 0 1621 5202">
     <span class='ocr_line' id='line_1_43' title="bbox 0 0 1621 5202; baseline 0 0"><span class='ocrx_word' id='word_1_305' title='bbox 0 0 1621 5202; x_wconf 95' lang='lat' dir='ltr'> </span> 
     </span>
    </p>
   </div>
  </div>
 </body>
</html>
