3198 5202
337 517 390 570 276
539 512 616 567 Lux
635 510 751 569 VISIG.
770 510 1040 567 anccnssvlno.
1077 512 1113 580 X,
1134 514 1158 581 l,
1179 516 1256 569 1—3.

432 696 515 760 XII.
551 696 605 760 De
627 696 738 772 terris
769 716 835 778 que
862 695 1004 759 definito
1035 716 1202 758 annorum
1225 716 1369 760 numero
1400 716 1461 780 per

552 785 718 868 placitum
743 786 879 847 dantur.

410 873 514 936 XIII.
552 873 588 936 si
623 872 692 947 ille,
728 873 788 954 qui
823 873 867 935 ad
902 872 1069 955 placitum
1098 875 1209 936 terras
1240 873 1376 956 accipit,
1409 894 1461 937 ex-

550 963 673 1025 tendat
698 961 862 1024 culturas.

390 1049 515 1113 XIIII.
552 1050 589 1113 si
617 1050 709 1113 inter
739 1070 827 1121 eum
859 1049 918 1171 qui
942 1049 1003 1112 dat
1026 1052 1061 1112 et
1085 1048 1211 1132 aoeipit
1239 1053 1368 1113 terram
1400 1053 1462 1113 aut

553 1138 683 1214 silvam,
711 1129 917 1220 [eontentio¹¹
946 1132 1097 1218 oriaturl.

442 1227 516 1291 XV.
552 1227 610 1302 Ut,
635 1227 694 1308 qui
718 1227 761 1290 ad
785 1226 1010 1290 excolendum
1033 1230 1161 1290 terram
1184 1220 1345 1310 aoeipit¹,
1370 1227 1461 1290 siout

552 1314 622 1389 ille,
616 1315 712 1438 ,qpi
734 1318 864 1378 terram
888 1315 994 1390 dedit,
1023 1315 1074 1377 ita
1097 1318 1133 1378 et
1156 1317 1208 1378 ste
1232 1335 1372 1378 oensum
1400 1311 1461 1398 [ex-

553 1398 714 1484 solvatl.

421 1492 517 1556 XVI.
553 1493 611 1566 Ut,
637 1513 665 1554 ιι
655 1398 766 1614 (toti¹
789 1492 831 1555 de
846 1491 1081 1555 Romanorum
1103 1485 1260 1555 tertiam¹
1283 1492 1462 1576 quippiam

552 1573 766 1644 tollerint¹¹¹¹
778 1579 923 1657 ,iudice
946 1580 1127 1644 insistente
1147 1580 1311 1644 Romanis
1334 1584 1462 1645 cuneta

505 1719 508 1725 .
553 1669 752 1732 reforment.

400 1759 517 1822 XVII.
553 1757 605 1820 De
642 1757 891 1839 mancipiorum
929 1750 1228 1840 agnationibus¹¹·¹
1267 1758 1460 1823 dividendis

554 1846 664 1928 adque
709 1865 826 1908 eorum
868 1844 1004 1928 peculio
1046 1845 1236 1928 partiendis
1274 1849 1310 1910 et
1349 1848 1460 1912 deoer·

554 1935 686 1998 nendis.

382 2023 519 2087 XVIII.
554 2023 603 2086 Ut
627 2022 800 2106 peculium
825 2026 859 2085 et
883 2015 1109 2105 peculiarem¹
1133 2025 1177 2086 ad
1200 2045 1305 2087 unam
1327 2024 1460 2090 intelle·

554 2111 706 2194 gentiam
730 2111 934 2176 habeatur0.

361 2198 518 2263 XVIIII.
555 2200 591 2263 Si
615 2220 676 2283 pro
700 2199 851 2282 aooeptis
874 2200 977 2263 rebus
1000 2199 1178 2283 promissio
1202 2221 1272 2263 non
1295 2201 1459 2265 solvatur.

767 2334 790 2389 1.
820 2333 1034 2404 Aurronna.

524 2431 580 2494 Ut
609 2430 757 2493 valeat
788 2429 918 2492 semel
949 2430 1071 2493 faeta
1102 2430 1273 2494 divisio.

450 2535 573 2600 Valeat
603 2535 708 2600 semel
738 2536 833 2599 faeta
862 2536 979 2598 iusta¹
1013 2536 1144 2614 divisio,
1179 2539 1214 2600 et
1244 2537 1342 2601 nulla
1373 2543 1461 2622 post

343 2626 482 2688 modum
505 2618 725 2688 inmutandi¹¹
754 2624 960 2687 admittatur
983 2624 1151 2688 hoooasio.

759 2758 1042 2828 Αιιιιιιιιιιιι.

344 2856 402 2920 De
432 2876 515 2918 non
544 2821 856 2920 revocandam¹¹
885 2854 1104 2918 divisione
1132 2856 1251 2920 inter
1278 2856 1458 2935 fratres,

343 2944 475 3008 etiam
505 2944 565 3006 ιιια
597 2943 690 3007 sine
721 2943 968 3025 seriptura⁰
1001 2944 1059 3006 sit
1088 2943 1225 3022 faeta,
1257 2945 1396 3008 solum
1427 2947 1461 3010 si

609 3032 766 3096 idoneo
796 3033 913 3095 teste
944 3033 1188 3095 convineat.

450 3138 627 3201 Diuisione
650 3138 781 3201 factam
804 3138 896 3200 inter
919 3138 1053 3213 fratres,
1083 3138 1188 3202 etiam
1212 3139 1241 3201 si
1264 3140 1337 3203 sine
1361 3141 1461 3224 sorip·

342 3231 441 3289 tura¹
470 3227 560 3290 inter
588 3247 645 3290 eos
674 3221 910 3301 convenerit¹¹,
942 3245 1142 3309 permanere
1170 3227 1336 3304 iubemus
1370 3230 1461 3291 dum·

344 3316 444 3378 modo
475 3320 520 3378 aa
552 3315 699 3378 testibus
730 3315 863 3378 idoneis
893 3315 1132 3397 conprobetur,
1167 3319 1201 3379 et
1237 3279 1398 3380 divisio'
1389 3338 1462 3401 ipsa

343 3403 481 3487 plenam
504 3403 632 3468 habeat
656 3403 864 3466 firmitatem.

751 3537 806 3593 ιιι,
837 3536 1051 3606 Αιιιιριιιι.

344 3633 410 3710 Ut,
435 3634 541 3715 quod
561 3653 582 3696 a
602 3633 805 3716 plurimis
830 3635 871 3696 et
895 3632 1151 3696 melioribus
1175 3634 1218 3695 in
1243 3634 1461 3700 divisione

345 3726 409 3785 est
433 3722 741 3792 constitutum,
772 3742 792 3784 a
816 3721 966 3804 paucis
990 3725 1032 3785 et
1057 3722 1356 3787 deterioribus
1380 3746 1462 3788 non

708 3809 845 3873 liceat
875 3810 1097 3872 inmutari.

452 3915 489 3978 Si
518 3915 633 3998 plures
663 3916 795 3979 fuerint
829 3916 865 3976 in
896 3915 1061 3980 divisione
1097 3919 1285 3993 consortes,
1321 3919 1412 4000 quod
1442 3939 1462 3980 a

344 4003 463 4066 multis
486 4003 541 4067 vel
565 4003 764 4067 melioribus
786 4003 876 4067 iuste
901 4004 1129 4067 constitutum
1147 4009 1208 4079 est,
1234 4027 1254 4068 a
1273 4007 1392 4089 paneis
1408 4006 1462 4070 rel

345 4092 571 4155 deterioribus
594 4113 664 4155 non
688 4093 848 4156 convenit
871 4092 1089 4175 aliquatenus
1112 4094 1286 4157 inmutari.

451 4227 474 4275 h)
488 4240 507 4270 o.
521 4239 541 4269 ο.
555 4229 598 4270 des.
611 4229 688 4270 Rue,
742 4227 759 4279 l)
772 4229 857 4277 reliqua
871 4229 971 4266 rubricae
981 4240 1039 4277 pare
1052 4230 1108 4268 deest
1122 4230 1171 4271 Μ,
1230 4230 1254 4277 k)
1267 4231 1324 4268 deest
1337 4232 1403 4269 etiam
1417 4233 1463 4275 121.

345 4280 361 4332 l)
375 4282 407 4319 ita
420 4281 496 4324 nir.
549 4280 750 4327 malerinum.
804 4284 827 4329 n)
842 4282 993 4330 agnitionibus
1008 4281 1058 4324 122.
1110 4291 1132 4331 ο)
1147 4284 1203 4322 deest
1217 4283 1265 4325 122.

451 4335 469 4377 Ι,
509 4337 531 4382 a)
545 4336 601 4373 deest
616 4335 665 4376 132.
718 4335 741 4382 b)
755 4332 892 4374 inmutandis
907 4335 1025 4374 amittatur
1038 4337 1058 4374 R
1067 4336 1085 4376 1.

451 4389 481 4429 11.
522 4388 676 4435 maeatas.
738 4387 759 4433 b)
774 4386 902 4427 revocanda
916 4389 965 4431 122.
1020 4387 1188 4437 ascripturum
1203 4389 1250 4438 121,
1269 4389 1306 4427 ubi
1319 4389 1351 4429 sit
1364 4391 1462 4430 faeta-

343 4441 457 4490 scriptura
471 4442 552 4481 desunt,
606 4438 629 4487 d)
644 4440 765 4480 conveniat
778 4441 827 4482 122.

451 4495 493 4536 111.
533 4494 688 4541 arumna,
