3220 5212
356 539 460 594 XVIII
800 537 1030 593 PRAEFATIO.

356 720 490 787 subditis
521 741 714 786 couruuueru
743 719 854 801 edidit,
890 741 989 785 uuuru
1018 719 1070 784 iae
1099 718 1191 801 rapui
1220 719 1322 784 uariis
1351 719 1480 786 iuribus

350 809 575 892 personalibus
593 809 697 874 adbuc
712 809 888 874 calcatibus
909 808 1076 888 substituit,
1102 808 1182 889 lepos
1196 808 1371 890 Rouauas,
1396 830 1480 890 quas

356 921 422 964 uou
443 898 481 964 iu
504 897 619 962 bibruru
642 918 757 962 uorum
779 902 946 980 receperat,
970 896 1105 962 sustulit.

468 987 640 1068 Quaeritur
655 1008 749 1067 uuuc,
774 1006 834 1068 quo
854 992 989 1068 tempore
1005 984 1252 1051 Recceccoiudue
1267 986 1382 1050 bibrum
1398 987 1481 1068 lepis

356 1075 498 1142 ediderit.
538 1076 608 1140 Lea
630 1075 684 1156 II,
705 1080 765 1156 1,5
790 1095 855 1138 uoa
878 1081 951 1139 oute
974 1072 1151 1139 Ooucitiuuc
1170 1075 1355 1139 Toletauuuu
1370 1076 1478 1141 VIII.

356 1187 387 1228 a.
404 1171 478 1229 653.
503 1164 588 1229 edita
610 1163 742 1228 uidetur.
789 1163 959 1244 Placitum,
983 1165 1067 1243 quod
1088 1165 1132 1227 od
1154 1164 1268 1228 calcem
1291 1163 1367 1228 iibri
1385 1163 1479 1227 XII.

357 1254 479 1336 lepitar,
511 1255 620 1318 datura
650 1258 695 1317 est
719 1252 809 1316 XII.
834 1252 1004 1316 Kabeudas
1027 1250 1172 1315 Martias
1195 1252 1276 1316 auui
1301 1252 1360 1316 VI.
1384 1253 1481 1334 rapui

356 1341 588 1407 Recceccoiudi.
646 1340 745 1406 Ouiae
779 1340 874 1421 auui,
913 1346 948 1405 ut
981 1346 1052 1405 acta
1084 1341 1224 1422 probarit
1262 1340 1481 1406 Oouoitiorum

360 1432 455 1495 Totet.
477 1430 577 1495 VIII.
598 1429 664 1494 IX.
688 1429 731 1493 X.
756 1429 900 1511 Emerit,
925 1428 980 1494 ubi
1002 1434 1031 1493 et
1051 1428 1132 1492 auui
1154 1429 1246 1510 repui
1268 1436 1297 1494 et
1312 1447 1406 1494 aerae
1428 1429 1480 1494 iu-

357 1519 514 1600 dicautur,
546 1519 585 1583 ab
617 1516 777 1582 Iouuario
807 1516 889 1582 auui
917 1523 991 1598 549,
1022 1537 1121 1599 aeque
1150 1539 1222 1582 oero
1246 1524 1319 1600 post
1347 1523 1481 1582 mortem

350 1607 459 1690 patric
481 1608 742 1672 uuuterabautur.
780 1607 870 1672 Uude
891 1612 1009 1672 certum
1024 1612 1077 1687 est,
1102 1606 1218 1671 tibruru
1234 1607 1335 1688 bepuru
1350 1607 1481 1671 399999-

356 1696 464 1761 ouiudi
496 1717 561 1760 uou
591 1701 664 1760 aute
698 1697 728 1759 d.
756 1701 807 1758 18.
831 1694 1007 1759 Februarii
1037 1694 1118 1759 auui
1149 1701 1220 1759 554.
1255 1695 1372 1760 editura
1400 1717 1479 1760 9999.

356 1784 551 1850 Aceuratiuo
573 1790 693 1866 tempus
715 1805 780 1848 uou
802 1783 926 1848 uidetur
949 1783 1183 1863 defiuieuduru,
1210 1783 1265 1847 uia
1288 1790 1391 1848 autera
1414 1805 1481 1849 cre-

358 1875 494 1938 deroduru
517 1879 569 1954 eet,
601 1872 735 1938 codicem
757 1871 824 1936 iam
846 1871 966 1953 priuis
988 1878 1214 1953 postmortem
1240 1871 1482 1937 Obiudacaiudi

358 1961 455 2026 auuie
484 1961 602 2026 editura
631 1967 660 2026 et
688 1967 729 2024 87
753 1960 829 2024 ittae
851 1960 1074 2026 Recccscoiudi
1102 1961 1196 2043 tepeo,
1227 1981 1307 2042 quas
1330 1961 1479 2043 coutiuet,

351 2071 530 2132 paucorum
553 2070 712 2114 auuoruru
734 2049 836 2131 spatio
860 2049 943 2113 tatae
965 2071 1039 2114 esse.

464 2139 540 2202 Iam
554 2159 654 2220 cupra
668 2137 786 2219 mouui,
804 2138 1066 2203 Recceaoiuduru
1082 2144 1213 2219 praeter
1227 2160 1303 2202 suas
1323 2144 1352 2202 et
1367 2138 1461 2220 patri

358 2228 439 2310 tepeo
462 2232 491 2292 et
510 2225 660 2308 autiquae
678 2226 773 2292 ctiam
790 2225 927 2291 Sisebuti
942 2229 1032 2308 duae,
1057 2226 1231 2293 Reccoredi
1253 2233 1357 2292 auctoru
1373 2226 1482 2308 primi

357 2316 453 2381 buius
482 2315 622 2380 uomiuis
651 2315 735 2398 repis
764 2321 828 2379 tres
850 2314 1085 2380 coustitutioues
1113 2315 1237 2396 corpori
1268 2316 1369 2397 bepuut
1396 2315 1480 2380 iusc-

357 2405 469 2469 ruisse.
508 2404 708 2469 Reccaredao
728 2405 781 2468 II.
806 2403 899 2484 euim,
924 2404 979 2486 qui
995 2405 1154 2485 paruulus
1177 2425 1198 2467 a
1214 2410 1310 2485 patre
1334 2404 1481 2470 Sisebato

359 2493 486 2558 relictus
509 2493 637 2557 Isidoro
660 2499 732 2557 teste
757 2490 911 2574 ‘priucepe
932 2514 1111 2574 paucorum
1134 2492 1265 2557 dierum'
1289 2493 1366 2574 fuit,
1396 2493 1482 2574 tepeo

358 2581 493 2646 edidisse
514 2603 579 2646 uou
601 2581 734 2646 uidetur.
777 2579 949 2663 Expressit*
971 2587 1075 2646 autera
1096 2580 1200 2646 verbio
1221 2581 1293 2663 ipsa
1316 2582 1365 2645 bea
1387 2587 1481 2646 testa·

359 2676 419 2752 tur,
445 2669 694 2735 coustitutioueru
719 2670 808 2751 XII,
834 2675 919 2751 212
944 2692 965 2733 a
981 2669 1098 2751 primo,
1127 2691 1192 2734 uou
1215 2671 1255 2733 ab
1277 2670 1376 2734 attero
1400 2670 1481 2735 Rec-

358 2761 471 2824 caredo
495 2761 602 2823 datam
625 2780 699 2840 9999,
724 2759 801 2839 quia
818 2758 980 2824 Sisebutuc
998 2759 1087 2839 XII,
1105 2765 1191 2840 2,13
1213 2780 1282 2823 eoru
1298 2759 1481 2824 Reccoredo

360 2847 542 2928 precessori
563 2848 629 2912 suo'
653 2846 773 2912 tribuit.
820 2846 931 2911 Etiaru
954 2847 1050 2929 tepea
1073 2848 1148 2928 III,
1166 2852 1229 2928 5,2
1255 2846 1428 2912 Reccaredi
1443 2849 1480 2911 I.

357 2937 427 3000 ideo
451 2958 516 3001 eece
539 2942 620 3001 certo
643 2935 839 3018 crediderim,
864 2936 941 3017 quia
963 2942 1074 3001 auctor
1095 2937 1189 3001 tatem
1212 2936 1335 3001 eubibet
1358 2934 1481 3000 ‘cetum'
1606 3001 1607 3008 ,

358 3024 395 3088 iu
417 3025 560 3104 fauorem
583 3024 729 3090 ecclesiae
752 3024 931 3106 catbolicoe,
963 3024 1067 3105 quatio
1097 3025 1210 3105 optime
1233 3025 1377 3089 couoeuit
1397 3025 1479 3106 repi,

358 3113 414 3194 oui
443 3135 475 3178 se
504 3120 533 3178 et
564 3135 696 3196 repuuut
725 3135 817 3176 euuru
847 3135 948 3195 uupcr
977 3114 1017 3177 ab
1047 3113 1179 3178 Ariaua
1208 3113 1331 3177 baeresi
1361 3115 1406 3177 ad
1433 3134 1480 3178 ec·

359 3201 487 3267 etesiaca
524 3201 710 3267 catbolicaru
748 3207 950 3266 conuerterat.
1006 3201 1181 3267 Reccoredi
1215 3202 1246 3265 Ι.
1285 3223 1358 3284 erpo
1396 3203 1481 3284 bepes

359 3289 644 3356 Reeceeeuiudiauo
674 3289 799 3371 corpori
825 3291 882 3366 sub
910 3289 1037 3354 uoruiue
1064 3290 1202 3355 auctoris
1231 3291 1369 3355 iuscrtac
1392 3297 1478 3356 suut.

359 3379 513 3444 Prioruru
528 3385 632 3443 autera
649 3399 758 3460 repara
776 3377 957 3443 uouiuibuo
979 3378 1016 3442 iu
1038 3378 1298 3461 tuurtpaoutbas
1320 3400 1481 3460 uuopuaru

359 3467 566 3547 eaetoutibus,
596 3469 653 3533 cub
677 3466 803 3531 uomiue
830 3465 1054 3548 ‘outiauorum'
1078 3469 1180 3549 lapara
1202 3490 1256 3533 eae
1280 3489 1386 3533 oraret¹
1408 3489 1479 3534 cou-

352 3556 530 3638 prebeusae
560 3576 624 3620 ecoe
653 3555 809 3636 uideatur,
842 3576 923 3636 quae
952 3578 973 3619 a
1003 3557 1186 3638 Leooipitdo
1220 3557 1268 3621 oet
1295 3558 1479 3638 praedeces-

359 3643 483 3708 soribus
505 3643 573 3708 eius
596 3646 689 3709 datae
711 3651 794 3709 suut.
841 3645 912 3725 Quia
935 3666 1004 3710 cum
1026 3667 1061 3710 re
1084 3645 1196 3727 optime
1219 3644 1370 3727 couoeuit,
1396 3647 1482 3726 quod

360 3732 508 3797 Isidorus
532 3735 569 3798 de
584 3733 686 3815 tepuuc
700 3732 817 3799 Iberici
839 3733 995 3798 reoicioue
1018 3756 1039 3797 a
1054 3733 1238 3815 Leooipibdo
1255 3735 1345 3814 facta
1367 3734 1474 3813 refert.

359 3820 564 3903 Leooipilduo
593 3843 691 3886 uocas
720 3843 797 3886 suas
820 3823 900 3905 tepeo
923 3822 1023 3888 codici
1045 3822 1162 3888 Eurici
1187 3821 1342 3902 ‘adiecit',·
1372 3822 1480 3903 itaque
1587 3859 1604 3866 ··

360 3908 606 3974 Reccessoiuduo
635 3931 697 3992 eae,
728 3917 764 3976 ut
793 3917 910 3977 ceterae
932 3910 1020 3976 itlius
1044 3910 1159 3976 cadicio
1181 3910 1278 3975 recisi
1300 3913 1388 3993 tepeo,
1413 3932 1479 3993 pro

361 3997 522 4080 ‘autiquic'
546 3998 664 4063 babuit.

467 4088 577 4168 Neque
599 4109 671 4152 uero
694 4110 800 4154 omues
823 4088 903 4170 lepos
928 4087 1106 4170 ‘autiquae',
1133 4108 1213 4169 quae
1235 4088 1272 4152 iu
1295 4088 1378 4170 1999
1401 4088 1479 4153 Rec-

360 4174 582 4240 ceeeoiudiaua
597 4183 729 4259 eaetaut,
746 4198 784 4242 ece
796 4177 898 4242 codice
913 4177 997 4242 iuris
1009 4176 1135 4242 Gotbioi
1144 4176 1322 4258 Lcouipitdi
1336 4183 1480 4258 saraptae

358 4269 441 4345 suut,
465 4267 522 4329 ced
542 4266 715 4330 uouuublae
738 4265 833 4330 etioru
855 4287 894 4330 ea
916 4266 1000 4348 che
1022 4266 1172 4331 Rouaua
1195 4265 1332 4347 Alarici,
1356 4286 1405 4329 99.
1427 4285 1477 4347 pr.

360 4352 425 4434 IV,
453 4359 595 4435 1,1-7.
627 4354 717 4436 V,5,
737 4361 766 4418 9.
798 4354 879 4435 VII,
905 4360 934 4435 5,
953 4361 982 4417 6.

467 4443 561 4507 Solus
576 4442 822 4508 Recceecoiudue
837 4449 882 4508 est
897 4449 1006 4508 auctor
1020 4442 1116 4526 Lupis
1135 4443 1388 4525 Isisipotboruru,
1410 4443 1480 4508 cius

360 4551 436 4612 opas
459 4531 603 4596 orauibao
625 4531 881 4612 subsequeatibus
900 4531 1026 4614 repibue
1040 4532 1247 4612 fuudarueuto
1262 4537 1340 4596 erat.
1378 4532 1480 4614 Lepes
