3264 5206
363 503 441 558 LEX
458 503 574 561 VISIG.
593 503 862 559 REGOESSVIND.
899 505 949 574 VI,
970 510 994 574 1,
1013 510 1038 562 4.
1058 511 1083 564 b.
1203 539 1205 546 ι
1235 511 1287 566 179

166 707 304 751 servum
319 687 389 764 ille,
415 687 511 750 cuius
535 707 652 752 servus
671 688 843 770 questioni
859 689 1042 767 addicitur,
1066 710 1129 773 pro
1145 710 1186 755 eo
1202 692 1286 755 acci·

166 795 247 859 pere
263 775 424 851 noluerit,
448 778 587 840 tantum
602 776 751 859 pretium
768 777 922 840 eiusdem
945 778 1034 841 servi
1051 779 1202 856 artificis,
1227 781 1286 862 qui

167 864 339 946 questioni
374 864 544 940 subditur,
580 865 654 928 eius
684 865 823 929 domino
857 864 1081 948 persolvatur,
1117 871 1287 949 quantum

166 953 239 1036 ipse
268 953 395 1016 artifex
417 972 438 1016 a
459 953 574 1018 iudice
597 951 654 1016 vel
681 952 780 1017 bonis
808 953 1005 1017 hominibus
1032 955 1287 1021 rationabiliter

138 1115 140 1120 ,
166 1041 282 1106 valere
309 1041 417 1106 fuerit
444 1042 635 1105 estimatus.
686 1041 744 1104 Ita
770 1045 888 1106 tamen
916 1044 1122 1107 servandum
1150 1047 1217 1120 est,
1245 1048 1286 1107 ut

166 1149 230 1194 nec
261 1130 451 1213 ingenuum
480 1130 623 1213 quisque
652 1150 717 1194 neo
747 1150 881 1194 servum
912 1130 1058 1195 subdere
1086 1133 1180 1215 prius
1208 1152 1286 1215 que·

167 1218 272 1282 stioni
307 1222 495 1301 presumat,
534 1219 601 1282 nisi
636 1238 751 1282 coram
784 1218 898 1283 iudice
931 1218 987 1283 vel
1021 1220 1094 1284 eius
1129 1216 1284 1298 sational,

168 1307 307 1370 domino
337 1307 443 1371 etiam
470 1307 558 1371 servi
585 1305 641 1370 vel
670 1310 785 1370 actore
812 1310 981 1390 presente,
1013 1308 1169 1373 districte
1198 1310 1287 1373 iura·

166 1395 266 1472 verit,
290 1396 382 1478 quod
398 1395 496 1460 nullo
512 1394 592 1459 dolo
607 1394 663 1459 vel
678 1395 802 1460 fraude
825 1399 887 1459 aut
909 1395 1044 1460 malitia
1066 1397 1285 1462 innocentem

167 1483 275 1548 faciat
299 1485 513 1566 questionem
532 1483 657 1548 subire.
703 1483 800 1546 Etsi
824 1483 983 1548 subditus
1006 1486 1179 1567 questioni
1201 1506 1286 1550 mor·

167 1575 249 1635 tuus
279 1572 400 1648 fuerit,
432 1573 543 1655 adque
572 1571 648 1648 ille,
679 1573 739 1655 qui
769 1571 938 1648 subdidit,
969 1574 1062 1637 unde
1093 1593 1286 1657 conponere

167 1681 237 1724 non
261 1660 431 1737 habuerit,
456 1661 529 1744 ipse
553 1661 751 1725 subdendus
775 1664 828 1724 est
851 1661 1019 1737 servituti,
1044 1662 1103 1744 qui
1126 1662 1286 1726 innocen·

167 1752 239 1812 tem
261 1749 347 1812 fecit
370 1750 489 1813 occidi.
537 1749 573 1812 Si
604 1752 721 1813 autem
749 1747 829 1813 dolo
856 1769 991 1812 servum
1019 1749 1172 1814 alienum
1200 1751 1286 1833 quis·

168 1838 260 1920 piam
284 1837 501 1901 subdendum
525 1838 697 1920 questioni
719 1838 919 1913 intenderit,
945 1841 981 1902 et
1005 1838 1163 1902 dominus
1186 1841 1284 1916 servi,

168 1927 226 2008 qui
250 1930 441 2004 accusatur,
466 1946 527 2010 per
545 1926 784 2009 probationem
808 1945 886 1989 eum
909 1928 1062 2010 potuerit
1085 1927 1128 1991 de
1151 1927 1286 1992 obiecto
1388 1960 1397 1975 ·

169 2015 311 2078 crimine
337 2015 481 2079 reddere
505 2015 735 2091 innocentem,
765 2017 944 2078 accusator
967 2015 1040 2079 eius
1064 2014 1172 2078 alium
1195 2017 1287 2099 paris

167 2103 283 2168 meriti
306 2123 441 2168 servum
464 2103 617 2166 accusati
640 2103 779 2166 domino
803 2106 946 2185 cogatur
969 2103 1134 2181 exolvere,
1163 2107 1199 2168 et
1223 2105 1287 2168 dis·

168 2191 341 2274 pendium,
366 2193 458 2274 quod
477 2191 635 2255 dominus
652 2191 725 2255 eius
741 2191 777 2253 in
793 2191 1077 2274 adprobationem
1092 2193 1286 2257 innocentis

169 2279 257 2344 servi
280 2279 472 2364 pertulerit,
496 2283 600 2364 prout
621 2278 876 2343 rationabiliter
898 2280 1003 2344 iudex
1025 2281 1124 2344 reddi
1146 2300 1286 2364 perpen-

169 2368 268 2444 derit,
294 2368 337 2432 ab
360 2369 491 2432 iniusto
514 2370 712 2432 accusatore
736 2371 895 2432 exactum
918 2368 1057 2432 domino
1080 2369 1169 2433 servi
1192 2370 1287 2433 resti-

167 2459 299 2520 tuatur.
351 2457 405 2521 De
434 2457 538 2521 rebus
568 2476 648 2520 vero
682 2457 832 2519 minimis
868 2456 970 2540 culpa
1004 2457 1092 2522 servi
1126 2461 1287 2541 repperta

169 2545 336 2622 dominus,
368 2547 397 2608 si
419 2544 576 2622 voluerit,
609 2545 825 2628 conponendi
854 2544 1033 2609 licentiam
1060 2545 1204 2621 habeat;
1237 2547 1287 2610 ita

168 2636 208 2696 ut
235 2635 345 2697 omnis
374 2634 432 2696 fur
461 2634 558 2696 iuxta
588 2632 792 2716 qualitatem
821 2632 921 2717 culpe
949 2632 1088 2716 flagella
1111 2634 1285 2717 suscipiat.

168 2721 234 2785 Pro
257 2723 379 2786 maiori
398 2742 479 2786 vero
499 2742 597 2799 noxa,
623 2722 652 2784 si
674 2722 946 2804 conpositionem
962 2722 1120 2786 dominus
1135 2720 1287 2786 noluerit

168 2809 308 2888 solvere,
333 2830 468 2875 servum
491 2830 553 2893 pro
577 2811 718 2874 crimine
740 2830 811 2873 non
834 2809 1026 2873 morabitur
1048 2811 1196 2874 tradere.
1232 2810 1286 2872 In-

137 2951 142 2964 .
168 2918 301 2980 genuus
326 2919 423 2977 sane,
454 2899 483 2964 si
514 2898 679 2963 libertum
706 2898 898 2981 questioni⁰
926 2898 1101 2981 putaverit
1130 2898 1286 2962 addicen-

168 2987 259 3064 dum,
284 2980 376 3052 sivos
395 3008 456 3071 pro
476 2986 618 3071 capitali
634 2987 774 3051 crimine
799 3006 859 3050 seu
882 3006 943 3069 pro
967 2990 1107 3050 centum
1123 2986 1286 3069 quinqua·

167 3076 266 3157 ginta
295 3075 483 3139 solidorum
513 3075 722 3158 quantitate,
759 3075 788 3138 si
817 3075 923 3138 innox
952 3075 1190 3157 quodcumque
1219 3078 1287 3137 tor·

167 3165 276 3227 menti
306 3164 503 3248 pertulerit,
535 3174 582 3228 eL
609 3163 735 3227 solidos
769 3163 841 3226 eius
872 3163 1000 3246 petitor
1031 3163 1062 3227 ei
1094 3182 1287 3246 conponere

168 3251 414 3335 conpellendus
438 3256 500 3316 est.

387 3421 422 3478 V.
454 3421 622 3476 FLAVIUS
642 3419 956 3476 OHINDASVINDUS
975 3419 1063 3476 REX.

146 3537 147 3542 ’
233 3531 437 3612 Qualiter
468 3534 518 3597 ad
547 3553 691 3616 regem
721 3534 948 3597 accusatio
979 3535 1219 3597 deferatur.

273 3639 310 3703 Si
333 3641 409 3723 quis
432 3639 579 3724 principi
603 3643 723 3702 contra
747 3638 936 3722 quemlibet
958 3638 1049 3702 falsa
1068 3639 1285 3723 suggesserit,

167 3729 217 3792 ita
243 3732 284 3791 ut
312 3729 406 3792 dicat
433 3749 512 3793 eum
540 3728 703 3791 adversus
730 3747 856 3810 regem,
888 3731 1027 3811 gentem
1055 3726 1111 3791 vel
1139 3728 1287 3810 patriam

165 3816 298 3900 aliquid
320 3818 480 3900 nequiter
502 3816 710 3880 meditatum
738 3815 846 3879 fuisse
873 3819 934 3878 aut
962 3835 1064 3898 agere
1088 3815 1285 3897 relegisse,

166 3925 226 3970 seu
259 3906 295 3967 in
325 3904 572 3969 autoritatibus
602 3903 659 3968 rel
688 3904 858 3987 preceptis
887 3905 982 3986 regie
1012 3904 1195 3986 potestatis
1226 3906 1287 3966 aut

166 4012 298 4069 eorum,
334 3994 393 4076 qui
422 3992 605 4056 iudiciaria
634 3993 877 4056 ordinatione²
910 3992 1116 4075 funguntur,
1147 3992 1286 4054 iraudu-

166 4080 278 4146 leuter
302 4083 478 4165 quippiam
501 4082 699 4158 inmutasse,
732 4080 843 4163 adque
868 4081 973 4144 etiam
996 4081 1202 4164 scripturam
1224 4078 1287 4142 fal·

166 4190 235 4233 sam
268 4170 390 4234 fecisse
420 4168 476 4234 vel
505 4170 668 4234 recitasse
697 4168 889 4252 falsamque
919 4172 1095 4247 monetam
1123 4161 1285 4243 fecisseb,

166 4259 245 4322 sed⁰
278 4261 314 4322 et
341 4259 394 4321 si⁰
427 4258 632 4322 veneficium
662 4256 718 4320 vel
747 4256 955 4321 maleficium
985 4259 1046 4320 aut
1076 4255 1287 4320 adulterium

273 4427 296 4477 d)
310 4429 388 4469 mione
401 4430 449 4471 121.
504 4431 525 4470 ei
539 4429 694 4479 questionibus
709 4429 756 4470 121.
810 4429 862 4477 nsi
876 4439 930 4468 vcro
945 4429 965 4466 B
974 4429 993 4470 2.

272 4484 298 4525 V.
339 4486 362 4531 a)
376 4481 507 4532 dignatione
522 4483 568 4524 aa.
622 4482 645 4529 b)
659 4482 738 4522 laches
752 4483 798 4526 121.
853 4481 874 4533 c)
888 4483 981 4521 sidunt
995 4481 1046 4531 313
1061 4478 1102 4522 sed
1116 4481 1169 4520 etsi
1183 4480 1286 4522 dcam.

1020 4568 1070 4623 12*
