3220 5212
581 546 812 605 PRAEFATIO.
1199 543 1258 604 XV

187 791 196 802 ,
247 731 379 794 Teatnm
396 729 574 812 pleniorem
596 737 626 794 et
648 729 819 807 certiorem,
843 737 879 796 nt
900 751 1000 813 snpra
1017 729 1136 812 manni,
1161 730 1258 796 editio

31 825 32 828 ’
136 824 247 883 nostra
270 818 445 900 definitiva,
476 839 576 900 spero,
607 818 780 901 mathan,-
809 825 915 884 tamen
937 818 1031 884 etiam
1054 819 1138 885 hana
1159 820 1258 884 mntto

129 905 399 990 praestantiorem
414 929 479 972 esse
495 905 605 988 priori
627 907 749 973 nemini
772 907 878 972 latebit
894 907 1069 987 conferenti
1091 913 1258 989 atramque

135 1001 262 1078 tentam,
287 1016 335 1061 en.
358 1017 406 1078 pr.
431 996 569 1078 capitam
592 1001 668 1061 286.
692 1002 768 1060 300.
794 1002 869 1060 322.

634 1241 699 1307 Cap.
717 1241 759 1296 II.

179 1350 239 1416 De
268 1351 372 1432 Lepe
400 1349 706 1433 Visipotteornm
733 1350 1116 1416 Reeeessoindiana
1145 1373 1212 1416 sen

488 1439 615 1505 Libro
645 1437 906 1504 indiciorum.

250 1543 355 1610 Codes
377 1544 578 1612 Enrieianns
605 1544 683 1610 solis
710 1545 823 1610 Getieis
852 1545 933 1628 loyes
955 1545 1117 1629 praeonit,
1153 1547 1259 1613 Codes

135 1633 351 1699 Atariaianns
374 1656 405 1697 a.
423 1639 497 1698 506.
521 1634 624 1699 editas
645 1634 722 1699 sotis
741 1634 907 1716 Romanis,
931 1634 968 1699 id
988 1641 1033 1700 est
1049 1635 1258 1716 provinciali-

136 1723 213 1804 oos-
236 1728 371 1804 ntraone
395 1721 483 1788 natio
499 1721 634 1804 proprio
657 1722 727 1788 inre
750 1729 896 1805 separato
918 1723 1048 1789 virebat.
1100 1725 1258 1807 Tempori-

136 1814 193 1878 bns
221 1809 390 1894 prioribus
423 1811 518 1875 etiam
547 1810 737 1876 oonnnbinm
770 1811 854 1876 inter
886 1811 1004 1877 Gothos
1037 1819 1067 1878 et
1095 1813 1260 1878 Romanos

136 1902 265 1981 deeran-
288 1899 464 1965 oonstitntio
487 1899 572 1964 enim
591 1899 813 1965 Valentiniani
835 1907 864 1965 et
886 1900 1037 1982 Valentis,
1061 1922 1125 1982 qna
1144 1923 1259 1968 11111111-

136 1989 224 2054 biam
247 1988 332 2054 inter
347 1989 510 2054 Romanos
532 1995 561 2054 et
584 1991 737 2053 barbaros
763 1988 890 2054 oetitnm
913 1996 989 2071 erat,
1019 1990 1129 2056 aeota
1148 1991 1258 2055 Alari-

137 2076 241 2159 eiano,
271 2077 305 2142 O.
330 2077 449 2142 Theod.
472 2077 548 2159 III,
573 2083 666 2159 14,1,
691 2077 813 2142 inserta
835 2083 881 2142 est
891 2078 911 2141 1.
959 2079 1132 2160 Postquam
1154 2086 1258 2145 antem

136 2167 222 2232 nona
253 2165 503 2232 eonstitntionem
529 2187 612 2230 nora
639 2167 697 2247 tea,
728 2166 764 2230 in
787 2165 1076 2232 Reoeessaindiana
1104 2165 1258 2249 ‘antiqno'

137 2255 233 2337 dieta,
259 2255 395 2334 fortasse
418 2277 440 2318 a
460 2253 643 2336 Leooipitdo
663 2254 772 2320 Codioi
787 2254 967 2320 Enrioiano
990 2255 1110 2337 addita,
1134 2257 1174 2321 L.
1190 2257 1257 2322 Vis.

137 2343 231 2409 Reae.
262 2343 336 2424 III,
358 2349 432 2424 1,1,
463 2344 645 2425 snstnterat,
676 2350 809 2424 atraqne
838 2343 967 2408 natione
996 2344 1032 2409 in
1060 2367 1160 2410 nnam
1190 2367 1259 2410 eon·

137 2437 294 2498 arescente
315 2431 399 2496 inris
421 2439 450 2496 et
473 2431 574 2513 lepnm
597 2431 764 2496 diversitas
787 2432 875 2497 tanet
898 2432 945 2497 ita
967 2433 1024 2498 din
1040 2434 1146 2516 potnit
1167 2433 1259 2499 sasti-

137 2521 221 2586 neri.
280 2521 394 2602 Itaqne
427 2519 674 2586 Reeeessoindns
711 2542 768 2586 ren
807 2519 1041 2587 Onindasoindi
1067 2523 1189 2605 patris,
1224 2528 1260 2587 nt

35 2655 36 2658 κ
137 2609 273 2691 videtur,
298 2608 489 2674 ootnntotem
504 2608 678 2692 perficiens
700 2631 799 2674 annm
821 2609 873 2675 ins
894 2609 1019 2692 atriano
1041 2611 1167 2676 nationi
1190 2633 1259 2677 eon-

136 2697 250 2780 stitnit,
281 2719 381 2762 annm
410 2697 511 2780 lepnm
544 2697 661 2763 libram
689 2700 796 2780 edens,
828 2698 917 2764 onias
947 2700 1028 2782 lepos
1059 2699 1108 2764 ‘in
1138 2700 1260 2765 canetis

31 2817 32 2850 1
131 2785 285 2869 personis
313 2808 351 2852 aa
376 2786 521 2869 pentibus
546 2786 678 2869 imperio
701 2809 757 2852 sno
780 2786 955 2869 snbinpatis
977 2788 1090 2853 ootere'
1114 2789 1258 2869 decrerit,

31 2917 33 2970 4
138 2876 191 2957 ΙΙ,
219 2881 249 2957 1,
271 2880 301 2956 4,
336 2874 436 2939 aliam
470 2874 586 2941 libram
620 2875 722 2958 lepnrn
755 2875 792 2940 in
825 2874 943 2941 indicio
971 2876 1119 2958 proferri
1151 2877 1258 2957 vetnit,

31 2975 33 3012 ²
137 2965 191 3047 ΙΙ,
213 2970 242 3046 1,
261 2970 290 3045 9,
313 2962 366 3028 ins
388 2963 570 3028 Romanam
592 2964 727 3046 snstnlit‚
752 2964 805 3046 ΙΙ,
825 2971 852 3046 1,
871 2972 901 3030 8.

253 3052 315 3134 Qni
338 3052 416 3117 tiber
439 3051 541 3133 teonm
555 3052 777 3118 Reooessoinoti
800 3053 890 3119 nobis
912 3053 1049 3119 traditas
1072 3060 1117 3119 est
1139 3055 1260 3119 dnobrrs

31 3153 33 3178 ³
137 3141 298 3208 oodioibns
320 3140 555 3222 manuscriptis.
602 3142 686 3206 Snnt
707 3148 811 3206 antem
833 3141 868 3205 111
875 3164 885 3206 .·

31 3231 32 3260 *
248 3230 322 3308 Rs.
352 3229 456 3294 Coelen
475 3229 701 3295 Vaticanus
716 3229 831 3313 Repin.
843 3235 927 3295 1024
945 3228 997 3310 (in
1005 3230 1132 3314 popina
1145 3229 1260 3295 nltima

137 3325 226 3384 oetas
241 3339 392 3383 nnmerns
408 3324 494 3382 9211
511 3317 650 3402 tepitnr),
666 3339 746 3385 saec.
763 3319 866 3402 VIII,
884 3320 928 3402 4⁰,
946 3326 1068 3385 constat
1081 3319 1171 3400 foliis
1185 3325 1259 3384 138.

31 3441 32 3444 ¹
142 3407 291 3473 Continet
312 3406 403 3486 foliis
417 3406 568 3470 1-138‘.
592 3405 737 3472 ‘In'brnm
750 3407 951 3473 indiciornm’
970 3409 1035 3474 siae
1050 3409 1166 3492 Lepem
1178 3408 1260 3474 Visi-

136 3496 313 3577 potkornm.
360 3496 432 3560 Fot.
451 3494 536 3559 112‘.
560 3495 596 3560 in
618 3495 763 3577 marpine
786 3502 878 3561 notae
903 3497 1100 3562 Tironianae
1123 3503 1258 3562 exstant.

139 3585 324 3666 Seannntnr
346 3584 402 3664 fot.
422 3583 506 3648 138‘.
531 3587 638 3649 eadem
661 3605 769 3666 mann,
800 3604 864 3666 qna
887 3585 937 3650 len
959 3585 1077 3666 scripta
1099 3592 1153 3666 est,
1178 3587 1260 3650 dnae

31 3727 33 3754 ,
138 3673 221 3755 tapes
250 3672 288 3737 in
316 3672 385 3754 ipso
414 3679 499 3738 tentn
529 3672 678 3738 omissae:
708 3675 780 3739 Lex
809 3675 877 3738 ista
907 3675 950 3738 de
978 3674 1067 3739 libro
1097 3676 1259 3753 secunda,

31 3777 33 3858 1
137 3763 246 3827 titulo
269 3763 390 3846 primo,
419 3783 478 3826 era
500 3762 576 3826 XV.
622 3763 694 3827 Lex
723 3765 791 3827 ista
817 3764 860 3828 de
883 3763 972 3827 libro
995 3763 1056 3842 VI,
1087 3763 1193 3827 titulo
1216 3764 1257 3842 V,

31 3861 33 3884 ¹
138 3871 199 3916 era
227 3852 271 3915 X.
320 3849 469 3930 Seqnitnr
500 3853 609 3916 eadem
635 3851 762 3933 popina
795 3850 925 3916 initiam
958 3851 1113 3916 sermonis
1148 3850 1260 3916 Sanoti

137 3938 316 4022 Anpnstini
345 3941 383 4004 de
410 3959 488 4004 cena
510 3938 646 4004 Domini
674 3940 756 4004 male
784 3944 959 4021 oneratam,
990 3946 1064 4006 tnnc
1093 3940 1150 4020 fot.
1174 3937 1259 4002 138‘.

31 4031 33 4082 ἓ
138 4048 248 4109 nmnn,
280 4048 360 4108 qnae
390 4027 487 4109 Lepem
513 4027 648 4110 sempsit,
680 4034 814 4093 onorata
836 4026 934 4092 series
956 4049 1065 4110 repam
1088 4027 1261 4110 Visipottoo·

138 4136 213 4180 ram
234 4136 332 4196 mone
354 4118 399 4181 ad
425 4115 720 4198 Onindasoindnm;
747 4117 788 4196 ef.
812 4116 905 4197 infra
921 4139 958 4199 p.
979 4122 1042 4181 314
1063 4137 1129 4199 sqq.
1180 4115 1261 4182 Onon

138 4203 280 4284 reliqum
303 4203 449 4270 lectiones
471 4204 566 4268 naias
589 4205 705 4270 eodiais
726 4226 833 4270 omnes
856 4205 893 4270 in
917 4204 1051 4270 editione
1074 4205 1258 4285 notaverim,

138 4298 263 4358 tantam
297 4314 374 4374 opas
407 4298 465 4375 est,
501 4299 535 4357 nt
567 4314 677 4375 repam
711 4292 946 4359 Cnindasoindi
979 4300 1008 4358 et
1037 4292 1261 4360 Reoeessoindi

139 4381 314 4462 nominnm,
345 4402 425 4463 qnae
454 4381 491 4450 in
520 4381 655 4447 editione
683 4403 803 4464 semper
825 4403 889 4448 nno
912 4385 1076 4465 eademqne
1097 4384 1187 4447 modo
1211 4402 1261 4446 en·

31 4559 33 4578 '
141 4556 168 4622 1)
188 4554 234 4618 Cf.
252 4555 284 4608 F.
302 4555 394 4622 Dalm,
415 4556 540 4622 ‘Ko'nipe’
555 4555 621 4624 W,
637 4573 667 4622 p.
685 4557 721 4611 80
732 4571 771 4624 sq.
