3198 5202
327 523 405 578 LEX
423 522 539 579 VISIG.
558 523 828 582 successuris.
861 526 961 595 VIIII,
976 531 1000 594 1,
1014 530 1127 584 15-17.
1235 529 1287 584 267

167 710 229 770 aut
260 708 498 790 quodcumque
532 707 684 771 criminis
719 708 872 771 hisdem⁰
907 707 1076 791 fugitivus
1111 709 1287 773 admisisse

168 796 392 872 convincitur,
432 795 492 860 ille
530 800 716 879 conponat,
756 797 816 880 qui
854 797 885 860 ei
923 797 1074 860 latebras
1112 797 1287 880 prebuisse

168 884 397 966 cognoscitur.

369 1036 450 1094 XVI.
479 1037 647 1093 FLAVIUS
666 1036 981 1092 OHINDASVINDUS
999 1037 1087 1094 REX.

168 1147 253 1212 Dea
280 1149 388 1226 his‘,
413 1150 486 1232 qui
509 1153 744 1234 pervenies
768 1171 916 1214 servos
941 1150 1128 1214 dominis
1152 1151 1287 1215 refor-

502 1259 616 1303 mare
647 1241 944 1303 contemnunt.

275 1343 367 1406 Dum
390 1344 545 1428 plerique
570 1345 808 1410 controversiis
831 1365 951 1410 vocure
975 1345 1146 1422 nituntur,
1171 1345 1287 1428 legum

167 1432 333 1513 quasdam
363 1433 553 1497 sententies
582 1434 699 1516 inique
730 1437 933 1518 pervertunt
964 1437 999 1498 et
1028 1454 1164 1518 prosc,
1195 1435 1288 1516 quod

168 1521 312 1601 antiqua
334 1515 466 1604 legeml'
495 1523 757 1599 decretumst,
786 1525 827 1585 ut
855 1523 937 1586 dum
964 1522 1105 1605 fugitivi
1129 1523 1288 1586 dominus

168 1609 414 1691 supervenerit,
439 1630 518 1675 eum
541 1610 686 1694 recipiat
698 1611 718 1688 ¹,
748 1610 916 1674 differunt
939 1611 1012 1674 eius
1035 1610 1187 1674 hominic
1215 1613 1288 1675 red·

167 1696 248 1761 dere
278 1696 480 1780 fugitivum,
516 1702 556 1762 ut
586 1699 650 1762 sub
681 1699 746 1762 hec
776 1699 922 1764 fortusse
952 1693 1170 1776 occasioned,
1205 1699 1288 1762 dum

168 1785 290 1848 dilatio
324 1787 552 1870 pretenditur,
588 1787 653 1851 sibi
684 1809 761 1852 eum
792 1808 834 1852 ex
864 1787 1087 1872 prolixitatee
1122 1789 1288 1871 temporis

166 1867 365 1938 vindicentf
390 1875 611 1951 serviturum3
637 1876 816 1959 presertim
839 1877 920 1958 quis
943 1877 988 1940 sit
1012 1875 1151 1939 omnino
1175 1897 1288 1960 super-

166 1962 285 2038 fluum,
315 1965 351 2026 et
380 1968 469 2047 proii
494 1962 599 2028 vilisi
624 1964 800 2028 interdum
829 1965 919 2028 servi
942 1984 1088 2047 persons
1111 1964 1288 2027 dominum

168 2051 326 2114 ducentis
349 2055 411 2115 out
433 2051 598 2116 trecentis
622 2052 761 2116 milibus
777 2053 832 2117 vel
849 2052 996 2137 amplius
1015 2046 1202 2136 istigureh,
1228 2047 1280 2117 et¹

167 2138 248 2202 telis
271 2138 421 2204 obiectio
445 2138 569 2204 callide
594 2141 702 2224 magis
733 2162 835 2224 quam
858 2142 1027 2206 veraciter
1050 2142 1209 2206 videatur
1233 2141 1288 2206 ob·

168 2227 259 2311 poni.
306 2227 457 2294 Proinde
481 2229 730 2294 constituentes
754 2231 978 2307 decernimus,
1008 2233 1057 2308 ut,
1082 2230 1288 2312 quicumque

169 2335 229 2380 seu
252 2335 313 2400 per
336 2337 371 2381 se
395 2317 465 2381 sive
488 2338 550 2402 per
568 2318 742 2383 hominem
766 2340 866 2383 suum
888 2319 1079 2401 requirenti
1100 2319 1288 2401 fugitivum

169 2425 269 2467 suum
292 2408 328 2470 et
351 2407 552 2488 agnoscenti
574 2407 719 2471 reddere
743 2407 918 2470 distulerit
937 2407 993 2470 vel
1014 2407 1288 2491 conprehensum

169 2494 368 2571 excusserit,
405 2498 570 2577 quattuor
604 2495 755 2559 eiusdem
787 2495 902 2560 meriti
932 2515 1045 2559 servos
1075 2498 1111 2559 et
1141 2496 1288 2560 eundem

168 2581 356 2664 fugitivum
391 2583 529 2646 domino
563 2584 707 2648 reddere
740 2583 967 2668 conpellatur,
1004 2587 1065 2646 aut
1095 2585 1123 2646 si
1153 2584 1288 2648 hisdem

168 2670 337 2752 fugitivus
361 2671 512 2755 perierit,
544 2672 695 2754 quinque
719 2672 839 2756 procul
864 2671 969 2736 dubio
993 2665 1147 2735 similesk
1175 2692 1288 2736 servos

170 2753 358 2824 exsolvere¹
381 2780 452 2822 non
467 2763 628 2838 moretur,
653 2781 761 2823 unum
785 2781 825 2824 ex
849 2761 903 2824 his
926 2760 996 2837 ille,
1021 2761 1081 2843 qui
1096 2761 1287 2844 conposuit,

169 2847 387 2930 postmodum
410 2851 620 2932 recepturus,
646 2850 705 2912 sim
728 2849 783 2913 vel
807 2849 850 2912 ab
874 2850 948 2933 ipso
964 2849 1019 2913 vel
1035 2869 1056 2912 s
1072 2849 1210 2912 domino
1227 2869 1288 2912 suo

169 2935 337 3018 fugitivus
361 2938 520 3000 inventus
544 2938 581 2999 in
604 2937 768 3001 servition
796 2938 925 3021 proprii
952 2937 1083 3001 domini
1110 2937 1218 3000 fuerit
1240 2957 1288 3001 re-

170 3023 329 3101 stitutus;
365 3025 417 3088 ita
445 3028 499 3102 ut,
536 3026 565 3088 si
594 3025 681 3088 tulis
710 3027 885 3090 nesciente
917 3026 1055 3089 domino
1086 3046 1202 3089 servus
1233 3027 1288 3089 sd·

170 3112 310 3190 miserit,
334 3113 364 3176 si
386 3113 535 3177 volucrit
559 3114 726 3190 dominus,
752 3114 837 3178 duos
861 3115 1012 3178 eiusdem
1038 3114 1152 3178 meriti
1176 3134 1288 3177 servos

170 3220 230 3283 pro
255 3221 295 3266 eo
319 3201 407 3266 servi
431 3203 570 3266 domino
594 3203 669 3278 det3
699 3203 729 3266 si
751 3205 868 3266 autem
891 3203 1052 3279 noluerit,
1082 3223 1199 3266 servus
1221 3205 1288 3265 trs·

170 3289 273 3352 datur
295 3290 437 3372 fugitivi
460 3291 599 3354 domino
615 3292 813 3374 perenniter
833 3292 1031 3355 serviturus.
1067 3290 1160 3354 Telis
1184 3291 1288 3354 etiem

170 3381 205 3440 et
228 3379 270 3441 de
295 3376 430 3441 ancillis
453 3379 537 3442 ordo
560 3382 725 3443 servetur.

558 3531 653 3587 xvir.
684 3530 897 3601 ANTIQUAa.

215 3642 259 3706 Si
285 3643 505 3726 ingenuus
532 3642 601 3708 vel
630 3664 779 3708 servus
807 3644 1007 3708 latrones
1036 3644 1243 3708 celandos

565 3726 883 3817 susceperintb.

277 3836 314 3900 Si
344 3838 419 3920 quis
449 3839 620 3921 ingenuus
643 3839 698 3902 vel
722 3859 839 3903 servus
863 3839 973 3902 sciens
1003 3838 1154 3904 latrones
1179 3839 1288 3903 celun-

171 3925 231 3988 dos
262 3919 488 4009 susceperitb,
525 3929 700 4010 presentet
734 3947 818 4010 quos
854 3927 979 3992 celavit
1009 3932 1044 3991 et
1075 3938 1119 3992 00
1148 3928 1283 3991 hictus⁰

276 4098 297 4145 e)
313 4095 373 4138 unde
387 4097 436 4140 132.

276 4151 334 4192 xv1.
375 4150 527 4202 masenili.
583 4151 870 4203 b)legelrl;lcgclzr.
924 4152 1095 4201 c)homanl.
1154 4148 1289 4199 d)condl·

170 4203 250 4242 clone
265 4204 312 4246 131.
373 4206 394 4252 e)
408 4205 562 4253 prolixitatem
576 4205 623 4247 121.
683 4205 702 4252 f)
715 4202 818 4244 vindicet
831 4205 877 4246 121.
931 4207 954 4253 g)
967 4206 1038 4254 probs
1050 4204 1053 4256 Ι
1072 4206 1110 4245 131
1125 4205 1209 4250 (moa
1222 4205 1289 4244 voluit

170 4256 261 4295 scribere
278 4257 410 4306 probarim,
429 4261 452 4296 ut
468 4259 569 4307 vidam).
651 4258 674 4306 h)
687 4258 778 4306 fatigari
793 4258 842 4300 132.
922 4258 939 4305 i)
953 4259 993 4297 het
1006 4259 1053 4300 ΕΙ.
1134 4257 1158 4306 k)
1172 4258 1229 4296 amr
1242 4258 1288 4300 121.

169 4309 186 4355 l)
200 4309 220 4348 ei
234 4310 323 4349 solvere
337 4311 383 4352 Rl.
438 4312 468 4358 m)
482 4311 531 4350 slve
541 4322 586 4361 pro
600 4311 731 4353 slvelRl.
785 4309 941 4359 masnitium
955 4312 1002 4353 Rl,

276 4363 346 4405 xvu.
387 4366 409 4412 s)
424 4364 480 4403 deest
493 4365 543 4407 132.
597 4365 620 4412 b)
634 4364 777 4414 susceperint
790 4365 836 4406 1³1.
891 4366 911 4412 c)
926 4364 998 4403 hlctos
1013 4363 1062 4407 Rs.

170 4484 196 4551 1)
218 4486 247 4540 V.
266 4502 352 4554 srrpra
369 4504 390 4542 c.
409 4490 436 4543 8.,
