3220 5212
330 547 391 604 XII
775 545 1006 602 PRAEFATIO.

331 735 486 810 verterat,
509 728 614 810 itoqne
638 727 733 793 etiam
749 748 816 810 cap.
834 734 909 792 306.
926 728 1178 810 frapmentornm
1193 730 1238 793 ad
1252 748 1404 794 canonem
1420 735 1451 792 3.
1578 779 1579 784 ,

336 816 472 884 Concilii
499 816 644 882 Toletani
660 817 737 882 III.
763 813 810 895 (a.
828 819 909 900 589)
933 816 1085 898 scriptam
1107 837 1183 882 esse.
1223 815 1326 899 Oopnt
1348 823 1453 882 autem

332 906 415 972 illnd
436 927 505 971 cnm
528 905 583 970 illo
599 926 719 971 canone
734 906 822 970 nnllo
837 907 928 970 modo
944 906 1117 987 cohaerere,
1142 905 1213 987 onis
1235 912 1289 986 est,
1313 905 1370 987 qni
1388 927 1454 971 non
1576 884 1580 941 ἶ

332 995 444 1076 rideat,
462 993 655 1077 praesertim
671 1001 746 1076 post
767 994 888 1074 falsam
899 993 1028 1075 primae
1043 993 1192 1058 editionis
1206 995 1453 1076 snpplemcntnm

333 1083 488 1149 eiectam?
525 1083 638 1164 Immo,
663 1089 698 1148 nt
715 1083 761 1147 H.
778 1083 935 1148 Brnnner
956 1082 1106 1164 exposuit,
1131 1089 1225 1164 capnt
1247 1082 1330 1148 illnd
1345 1081 1454 1165 potins
1580 1127 1581 1132 η

331 1171 399 1237 inri
422 1171 627 1237 ecclesiastico
651 1170 852 1236 Arianornm
874 1172 1060 1253 respondere
1083 1170 1215 1236 oidetnr.

440 1259 580 1325 Minime
602 1280 675 1324 oero
698 1259 802 1325 Felici
816 1259 918 1324 Dalm
941 1259 1140 1340 assenserim,
1164 1259 1220 1341 qni
1242 1280 1281 1325 erc
1302 1280 1346 1342 eo,
1371 1261 1456 1341 qnod
1578 1282 1582 1316 τ

333 1347 494 1430 lepisbotor
509 1370 573 1432 cop.
593 1354 668 1413 277.
679 1355 807 1431 patrem
821 1369 913 1414 sunm
930 1346 1038 1413 ‘bonae
1053 1347 1241 1429 memoriae',
1266 1369 1331 1413 non
1349 1355 1454 1414 amera
1581 1353 1582 1366 ³

335 1435 450 1502 ‘bealae
465 1436 643 1502 memorioe’
658 1438 708 1502 oel
721 1437 869 1502 similiter
883 1436 1062 1519 appellarit,
1079 1436 1257 1519 suspicatos
1271 1442 1324 1518 est,
1339 1436 1453 1502 Ilecca-

333 1529 444 1592 rednm
473 1529 511 1592 de
534 1532 630 1608 patre
660 1547 716 1590 sno
745 1525 900 1591 haeretico
930 1524 976 1590 ibi
1000 1526 1134 1590 locntnm
1157 1547 1232 1590 esse.
1278 1525 1392 1590 Potine
1414 1547 1454 1590 ne
1581 1531 1582 1581 ἱ

335 1614 453 1681 ‘bonae’
483 1614 608 1697 qnidam
638 1612 824 1679 ‘memoriae'
847 1620 975 1695 patrem
1004 1635 1026 1678 a
1055 1613 1124 1694 filio
1155 1613 1307 1680 catholico
1336 1613 1454 1679 dictam
1581 1635 1583 1706 ζ

334 1725 399 1769 esse
423 1702 619 1768 crediderim.

442 1793 497 1856 Ita
520 1791 626 1858 cansis
654 1790 912 1856 adversariorum
941 1790 1125 1873 reprobatis,
1156 1790 1241 1856 alias
1270 1791 1452 1872 refercimus,

334 1880 447 1962 quibos
468 1879 624 1945 sententia
647 1885 758 1945 nostra
773 1880 940 1962 probotnr.

442 1968 589 2034 Primam
600 1970 684 2050 qnod
694 1968 806 2032 attinet
817 1970 861 2033 od
875 1967 1031 2033 rationem
1046 1967 1202 2050 loquendi,
1219 1969 1310 2034 oalde
1323 1967 1452 2050 distant,
1579 2000 1583 2051 4

334 2063 369 2122 nt
395 2057 518 2122 monnit
539 2058 585 2121 H.
609 2057 774 2138 Brnnner,
805 2057 988 2139 fracmenta
1017 2059 1057 2121 ab
1087 2056 1205 2139 lepibns
1234 2077 1343 2140 repam
1373 2055 1453 2122 Visi-

333 2147 499 2229 potbornm
520 2145 639 2212 saecoli
658 2146 740 2210 VII.
786 2147 950 2210 Habemns
972 2144 1067 2210 etiam
1090 2145 1170 2228 lepos
1193 2146 1233 2210 ab
1256 2145 1324 2228 ipso
1340 2145 1454 2211 Recon-
1583 2181 1584 2244 ,

335 2235 456 2316 rcdoI,
480 2241 515 2299 at
536 2233 630 2314 infra
645 2233 936 2316 demonstrabimus,
961 2236 1073 2315 datas,
1095 2233 1212 2299 scilicet
1227 2235 1267 2299 L.
1278 2233 1343 2299 Vis.
1360 2233 1452 2299 Recc.
1583 2249 1584 2282 1

335 2323 410 2405 ΙΙΙ,
437 2329 515 2404 5,2.
553 2323 642 2405 XII,
667 2329 753 2405 1,2;
783 2328 880 2404 2‚12.
934 2323 989 2386 Ero
1017 2322 1130 2404 onibus
1159 2322 1196 2387 in
1226 2323 1301 2404 III,
1327 2328 1394 2404 5,2
1425 2327 1455 2387 et
1583 2347 1584 2350 ¹

337 2412 425 2493 XII,
446 2418 511 2493 1,2
541 2414 673 2477 eandem
699 2412 767 2492 fere
789 2411 964 2477 orationem
994 2410 1148 2476 tnmidam
1170 2418 1199 2475 et
1221 2413 1383 2477 verbosam
1405 2413 1453 2476 de
1580 2462 1584 2481 1

327 2499 564 2583 prebendimns,
588 2522 684 2582 qnam
706 2500 743 2565 in
758 2500 877 2583 lepibns
898 2499 1017 2565 soecnli
1040 2500 1120 2581 VII,
1143 2499 1235 2564 valde
1257 2499 1454 2579 differentem
1584 2515 1585 2520 ’

335 2610 356 2653 a
379 2589 468 2654 clara
491 2596 520 2654 et
541 2589 681 2672 simplice
708 2589 961 2672 frapmmtmnm
988 2588 1140 2653 oratione.
1188 2589 1266 2654 Sola
1288 2590 1338 2654 lec
1363 2588 1452 2670 XII,
1584 2661 1585 2691 i

335 2683 365 2760 2,
382 2683 422 2741 12
451 2680 559 2742 eadem
587 2678 655 2758 fere
684 2677 883 2759 simplicitate
912 2684 941 2742 et
972 2677 1120 2742 breoitate
1149 2683 1205 2758 est,
1237 2679 1321 2759 qnod
1348 2676 1453 2743 indole

334 2765 472 2846 fontinm
493 2766 721 2849 Romanorum,
745 2787 784 2832 en
801 2766 914 2847 qnibrcs
936 2765 1055 2848 scripta
1077 2771 1131 2847 est,
1155 2765 1297 2845 effectam
1318 2765 1452 2831 oidetnr.

334 2854 445 2919 Etiam
468 2855 564 2938 lepem
579 2856 734 2920 novellam
749 2877 770 2919 a
786 2855 912 2920 Tbendi
926 2875 998 2936 repe
1013 2876 1044 2918 a.
1062 2859 1137 2918 546.
1156 2856 1265 2918 datam
1286 2851 1342 2934 (cf.
1360 2854 1454 2935 infra

328 2966 364 3026 p.
376 2949 428 3026 55,
442 2945 491 3028 n.)
505 2943 776 3009 constitutionibus
789 2943 909 3009 saecnli
923 2943 1004 3009 VII.
1018 2949 1137 3008 tnmore
1152 2949 1181 3008 et
1193 2942 1377 3008 verbositate
1388 2963 1454 3008 non
1585 2957 1587 3028 j

335 3035 441 3098 cedere
455 3031 551 3098 etiam
566 3053 604 3098 en
618 3039 703 3098 tenta
718 3031 867 3098 editionis
882 3033 1030 3098 lacnnoso
1050 3039 1080 3096 et
1097 3030 1185 3096 oitiis
1202 3030 1359 3114 sqnalenti
1374 3029 1454 3096 satis

334 3127 475 3203 apparet.
522 3122 720 3204 Frapmento
749 3127 854 3186 antem
882 3122 991 3186 eadem
1019 3120 1087 3199 fere
1113 3119 1313 3204 simplicitate
1335 3126 1365 3185 et
1380 3141 1454 3202 per·
1586 3141 1587 3146 ¹

334 3209 508 3291 spicnitate,
533 3209 672 3275 orationi
687 3230 757 3274 oere
772 3209 909 3291 elepanti
924 3208 1118 3290 propinqua,
1142 3208 1261 3290 scripta
1283 3215 1366 3290 sant,
1390 3228 1455 3290 qno
1585 3221 1587 3294 g

334 3297 552 3379 interpretatio
574 3297 611 3363 in
629 3300 745 3380 Lepem
759 3298 941 3362 Romanam
956 3296 1085 3362 Alarici
1099 3298 1153 3363 ΙΙ.
1177 3303 1308 3380 recepta,
1333 3296 1454 3363 Enrico
1585 3353 1587 3394 ,

335 3386 403 3467 fere
426 3408 548 3469 coaeva,
573 3386 703 3452 excellit.

441 3475 568 3540 Deinde
589 3477 674 3556 qnod
694 3474 778 3540 iaris
800 3473 942 3538 Romani
968 3474 1103 3556 repnloe,
1135 3495 1215 3557 qnae
1242 3495 1307 3539 non
1328 3495 1453 3556 poncae

334 3562 371 3628 in
385 3563 577 3646 frapmentis
592 3569 770 3645 occnrrnnt,
793 3584 859 3627 non
881 3583 920 3627 erc
941 3562 1198 3645 interpretatione
1220 3563 1281 3628 illa
1302 3569 1452 3646 sumptae,

335 3654 391 3718 sed
412 3653 508 3718 libere
530 3659 568 3734 et,
592 3659 627 3716 nt
641 3651 773 3733 oidetnr,
798 3672 837 3716 ec
853 3652 953 3732 plena
976 3651 1041 3715 vici
1056 3650 1198 3717 Romani
1215 3651 1298 3716 inris
1320 3650 1455 3717 scientia
1586 3617 1587 3644 ᾖ

333 3741 492 3820 formatae
513 3747 596 3822 snnt,
620 3740 657 3805 id
677 3740 774 3804 mnlto
788 3739 891 3822 mapis
906 3738 1022 3806 Enrici
1037 3760 1132 3822 qnam
1148 3739 1321 3806 Reccoredi
1343 3761 1455 3806 aeonm

334 3828 479 3895 indicare
502 3829 634 3910 videtnr,
658 3835 694 3892 nt
716 3827 858 3912 enpasnit
880 3829 926 3893 H.
949 3829 1115 3894 Brnnner.

441 3918 613 3982 Praeterea
629 3923 741 3998 antem,
757 3916 921 3999 anodiam
936 3918 979 3982 E.
996 3918 1056 3982 Tb.
1074 3917 1190 3999 Ganpp
1207 3916 1337 3998 monnit,
1354 3922 1454 3982 statns

229 4036 232 4042 ¹
334 4005 418 4071 inris
426 4005 550 4089 pnblici
568 4013 598 4070 et
605 4005 740 4089 privati,
764 4026 854 4088 onem
869 4027 907 4071 en
921 4005 1112 4088 frapmentis
1127 4005 1335 4088 capnooimns,
1345 4005 1455 4087 potins

334 4095 371 4160 in
393 4094 553 4163 saecnlnm
575 4095 612 4160 V.
635 4114 731 4176 qnam
753 4095 790 4160 in
812 4096 872 4160 VI.
895 4096 1043 4176 qnadrot.
1089 4095 1140 4160 De
1163 4093 1318 4159 divisione
1339 4100 1453 4174 terrae,

335 4204 399 4266 qno
421 4183 519 4264 fandi
527 4204 745 4265 possessornm
759 4183 796 4248 in
811 4183 922 4249 tertias
936 4183 1156 4248 Ronmnornm
1178 4189 1207 4248 et
1228 4189 1327 4248 sortes
1347 4181 1454 4248 Gothi·

336 4293 389 4338 cas
405 4270 501 4337 dirisi
519 4279 601 4354 sant,
626 4272 826 4338 constitnitnr
844 4294 911 4354 cap.
930 4277 1005 4336 277.
1025 4279 1061 4354 et,
1085 4278 1120 4337 nt
1135 4271 1268 4352 nidetnr,
1293 4293 1360 4354 cop.
1378 4277 1453 4337 304.

340 4361 430 4442 Qnod
463 4381 532 4426 cnm
566 4367 701 4443 tempore
734 4360 920 4442 Rcccoredi,
961 4359 1050 4426 onias
1088 4381 1220 4443 repnnm
1254 4359 1352 4443 coepit
1377 4361 1455 4441 plns

335 4470 430 4530 qnam
442 4455 564 4515 centnm
575 4471 678 4515 annos
687 4457 762 4533 post
772 4448 971 4531 Hispaniam
985 4455 1015 4514 et
1029 4449 1211 4514 nniversam
1224 4449 1455 4531 Septimaniam

335 4540 375 4603 ab
397 4537 518 4604 Enrico
544 4538 582 4603 in
608 4538 759 4603 ditionem
785 4537 959 4603 Gotbornm
980 4540 1150 4619 redactam,
1176 4537 1327 4617 forello
1351 4544 1455 4607 antem
